2554 3900
334 397 429 442 322
777 392 1200 443 REGISTRUM
1236 393 1332 442 DE
1369 393 1921 444 ABERBROTHOC.

334 526 393 572 de
421 524 588 588 Cupro
611 542 702 588 pro
725 526 854 573 bono
878 527 1014 590 pacis
1048 526 1237 575 soluent
1271 527 1523 574 annuatim
1558 527 1903 590 inperpetuum
1938 525 2168 590 predictis
2201 543 2366 573 mona-

334 616 436 664 chis
461 617 521 664 de
545 617 895 681 Abyrbrothoc
920 617 1094 682 viginti
1118 617 1293 665 solidos
1317 618 1660 682 sterlingorum
1685 645 1693 654 ·
1713 618 1882 665 decem
1906 615 2082 672 solidos
2106 617 2170 664 ad
2192 616 2365 664 festum

336 705 501 755 Sancti
527 707 732 755 Martini
758 715 806 755 et
841 708 1010 756 decem
1044 707 1221 755 solidos
1256 708 1319 755 ad
1353 707 1702 771 pentechosten
1738 734 1747 744 ·
1783 707 1848 756 Et
1884 708 1946 755 ad
1981 706 2119 754 istam
2155 723 2366 755 conuen-

331 798 514 846 tionem
538 799 668 846 bona
690 798 785 846 fide
808 798 1020 846 fideliter
1048 797 1400 846 obseruandam
1423 824 1433 835 ·
1459 805 1663 861 Vtraque
1698 815 1811 861 pars
1846 799 1898 846 in
1932 815 2079 845 manu
2116 798 2233 845 dicti
2269 799 2366 846 offi-

332 889 467 937 cialis
499 888 710 952 episcopi
745 889 962 937 affidauit
996 917 1006 927 ·
1042 888 1108 936 Et
1144 889 1206 937 ad
1242 887 1476 936 maiorem
1511 887 1821 936 securitatem
1853 896 2019 952 partes
2055 889 2365 938 subiecerunt

328 983 375 1030 se
410 979 728 1028 iurisdffiioni
763 979 1098 1028 archidiaconi
1138 978 1303 1028 San&i
1327 977 1532 1026 Andree
1557 977 1641 1040 qui
1675 995 1766 1042 pro
1802 985 2022 1042 tempore
2058 980 2205 1028 fuerit
2231 981 2363 1027 omni

328 1071 446 1119 iuris
470 1071 686 1119 remedio
713 1078 760 1118 et
791 1070 1066 1135 priuilegiis
1099 1070 1447 1119 renunciantes
1473 1096 1482 1105 ·
1508 1070 1640 1132 quod
1673 1068 1814 1133 poffit
1848 1077 2036 1134 partem
2070 1071 2364 1120 renitentem

328 1170 376 1210 et
412 1162 551 1210 istam
587 1161 991 1226 composicionem
1029 1162 1286 1210 obseruare
1322 1160 1571 1208 nolentem
1607 1177 1704 1208 vna
1737 1160 1839 1208 sola
1873 1161 2222 1210 ammonitione
2256 1180 2364 1226 pre-2

326 1253 460 1301 missa
483 1280 493 1289 ·
516 1270 606 1316 per
630 1252 882 1301 censuram
909 1251 1282 1301 ecclesiasticam
1315 1252 1378 1300 ad
1413 1250 1802 1299 obseruationem
1832 1251 1970 1299 istius
1995 1252 2364 1316 composicionis

328 1343 619 1408 compellere
655 1371 665 1382 ·
701 1344 766 1392 Et
789 1344 986 1407 insuper
1012 1344 1168 1408 sigilla
1192 1342 1377 1392 domini
1402 1341 1589 1390 abbatis
1614 1342 1674 1389 de
1702 1341 1870 1406 Cupro
1906 1350 1956 1391 et
1987 1343 2172 1390 domini
2208 1344 2363 1391 archi-

327 1435 520 1483 diaconi
548 1433 712 1483 sanai
737 1435 943 1483 Andree
969 1442 1018 1483 et
1039 1434 1262 1498 magistri
1281 1433 1485 1482 Andree
1511 1432 1729 1480 officialis
1754 1433 1939 1481 domini
1963 1434 2175 1498 episcopi
2198 1434 2363 1484 San8d

325 1526 529 1573 Andree
566 1525 697 1589 parti
737 1525 904 1589 scripti
943 1525 996 1573 in
1038 1526 1235 1573 modum
1272 1523 1588 1588 chirographi
1625 1524 1833 1571 confefflzi
1869 1541 2019 1588 penes
2056 1527 2280 1575 abbatem
2317 1536 2364 1574 et

326 1625 624 1664 conuentum
647 1616 708 1664 de
733 1615 1085 1680 Abyrbrothoc
1109 1615 1385 1664 remanenti
1413 1614 1465 1662 in
1501 1614 1829 1663 testimonium
1863 1616 1974 1664 sunt
2008 1617 2219 1680 appensa
2254 1645 2263 1653 -
2300 1618 2364 1665 Et

323 1706 453 1770 parti
475 1723 626 1769 penes
651 1706 875 1754 abbatem
900 1713 949 1755 et
974 1714 1272 1755 conuentum
1296 1707 1358 1754 de
1386 1705 1554 1770 Cupro
1577 1707 1854 1755 remanenti
1877 1707 2086 1772 sigillum
2107 1726 2362 1758 commune

325 1796 513 1844 abbatis
549 1804 598 1844 et
634 1803 905 1844 conuentus
939 1798 1000 1845 de
1036 1797 1386 1862 Abyrbrothoc
1411 1815 1509 1846 vna
1543 1815 1654 1846 cum
1689 1797 1845 1863 sigillo
1881 1799 1997 1847 diai
2029 1801 2362 1849 archidiaconi

330 1887 492 1936 Sancti
525 1886 731 1935 Andree
767 1895 815 1936 et
849 1887 1069 1952 magistri
1103 1889 1308 1937 Andree
1344 1889 1562 1937 officialis
1598 1889 1810 1954 episcopi
1847 1889 2011 1939 sanai
2047 1891 2251 1940 Andree
2293 1893 2361 1940 est

326 1977 598 2042 appositum
633 2004 643 2015 ·
681 1977 828 2026 Teste
872 1979 1088 2042 capitulo
1129 1981 1190 2028 de
1226 1983 1430 2044 Anegus
1467 1997 1630 2029 coram
1667 1998 1763 2045 quo
1797 1981 1888 2029 ista
1923 1982 2212 2047 composicio
2236 1984 2363 2033 lecta

324 2069 416 2117 fuit
441 2076 489 2117 et
513 2086 542 2116 a
563 2069 783 2132 partibus
808 2071 1080 2134 approbata
1103 2099 1112 2109 ·

326 2319 519 2392 Conan
544 2350 592 2389 et
618 2341 830 2389 Tulloch
854 2341 1033 2390 limites
1058 2371 1067 2380 ·
1106 2341 1165 2390 In
1191 2343 1352 2391 rotulo
1378 2344 1580 2406 antiquo
1606 2343 1716 2391 vide
1743 2372 1752 2382 ·

144 2522 283 2587 [366]
329 2502 504 2572 Anno
527 2523 685 2587 gratie
710 2522 962 2571 millesimo
982 2522 1310 2571 ducentesimo
1335 2523 1731 2586 quinquagesimo
1757 2530 1932 2586 quarto
1958 2541 2068 2571 cum
2092 2532 2225 2573 mota
2244 2526 2355 2573 esset

327 2613 656 2664 controversia
702 2614 832 2661 inter
877 2614 1129 2661 dominum
1177 2613 1422 2662 Abbatem
1469 2622 1518 2662 et
1565 2622 1861 2663 conventum
1903 2616 1963 2663 de
2010 2616 2355 2664 Aberbrothoc

325 2725 383 2754 ex
409 2724 506 2754 vna
528 2712 667 2769 parte
687 2720 704 2753 s
727 2712 775 2753 et
800 2705 1051 2753 dominum
1075 2704 1278 2753 Petrum
1303 2705 1363 2752 de
1394 2704 1583 2752 Maulia
1607 2705 1857 2753 dominum
1884 2707 1944 2754 de
1969 2706 2249 2755 Pannemor
2268 2724 2284 2756 s
2307 2716 2355 2756 et

326 2797 626 2846 Christinam
656 2795 874 2859 sponsam
907 2796 1009 2859 ejus
1047 2813 1107 2843 ex
1143 2795 1299 2844 altera
1329 2796 1472 2859 super
1506 2796 1741 2844 limitibus
1775 2798 2080 2860 quarundam
2112 2806 2352 2847 terrarum

323 2889 561 2937 diRorum
599 2886 753 2935 abatis
791 2894 839 2935 et
877 2894 1146 2936 conventus
1183 2888 1244 2935 de
1286 2886 1460 2937 Conan
1493 2895 1541 2935 et
1577 2889 1638 2935 de
1664 2888 1858 2936 Tulach
1883 2888 2205 2937 limitantium
2245 2907 2353 2937 cum

321 2979 467 3029 terris
496 2978 826 3041 preditimrum
850 2978 987 3026 Petri
1012 2986 1060 3027 et
1088 2977 1333 3028 Christine
1359 2987 1407 3027 et
1441 2979 1677 3027 heredum
1711 2997 1879 3028 eorum
1914 2981 1975 3028 de
2000 2979 2244 3028 Panemor
2269 3009 2278 3018 ·
2305 2987 2352 3028 et

320 3086 430 3118 cum
484 3068 708 3115 dominus
756 3069 863 3117 Rex
919 3086 1009 3133 per
1063 3069 1232 3118 literas
1278 3070 1386 3117 suas
1437 3071 1772 3134 preceptorias
1819 3071 2017 3118 domino
2065 3071 2350 3118 Alexandro

322 3161 517 3224 Cumyn
567 3158 747 3208 Comiti
806 3162 866 3208 de
925 3160 1131 3210 Buchan
1185 3160 1470 3210 Justiciario
1527 3160 1697 3211 Scocie
1755 3162 1954 3211 dedisset
2005 3162 2056 3209 in
2110 3163 2350 3210 mandatis
