2554 3900
866 432 957 483 CA
965 433 1161 484 RTAE
1199 436 1652 493 ORIGINALES.
2180 460 2267 504 331

254 561 512 610 heredibus
536 561 631 610 suis
654 563 706 610 in
731 563 878 612 feudo
903 572 951 612 et
975 564 1250 616 hereditate
1283 575 1433 618 totam
1466 578 1647 621 terram
1679 575 1740 623 de
1771 576 1988 628 Abthein
2021 582 2081 631 de
2114 582 2273 633 Muni-

252 650 352 700 feth
388 678 397 689 ·
435 651 723 701 Tenendam
747 653 835 702 fibi
859 661 908 703 et
931 655 1193 706 heredibus
1217 658 1312 706 suis
1337 660 1397 708 de
1430 678 1506 710 me
1531 671 1579 711 et
1602 663 1864 716 heredibus
1886 671 2007 718 meis
2037 672 2189 722 libere
2223 685 2270 725 et

249 741 412 807 quiete
443 743 665 807 plenarie
697 751 746 793 et
775 744 1044 795 honorifice
1076 765 1135 796 ex
1168 749 1300 797 omni
1333 752 1583 802 exaffione
1615 763 1664 804 et
1697 758 1915 807 exercitu
1947 768 1995 808 et
2027 762 2273 813 consuetu-

249 833 362 882 dine
401 834 605 882 seculari
643 834 775 883 salvo
814 838 1063 886 communi
1105 840 1288 915 auxilio
1330 841 1515 891 domini
1558 845 1708 911 Regis
1744 876 1754 887 ·
1792 848 1851 897 In
1893 850 2182 901 molendinis
2221 855 2270 903 in

249 922 429 988 stagnis
464 922 523 972 In
562 924 701 988 aquis
738 925 790 973 in
827 926 982 990 pratis
1027 935 1076 976 et
1112 929 1300 992 pascuis
1334 932 1395 981 In
1430 936 1577 984 moris
1612 945 1660 986 et
1694 939 1898 988 marifiis
1938 941 1998 991 In
2032 944 2271 994 braciario

247 1021 296 1062 et
318 1013 371 1062 in
394 1014 614 1078 piscariis
649 1022 697 1063 et
732 1014 781 1062 in
821 1015 1045 1065 omnibus
1081 1018 1188 1067 aliis
1223 1019 1516 1073 aifiamentis
1552 1028 1615 1075 ad
1648 1030 1915 1092 predictam
1951 1041 2130 1082 terram
2163 1053 2270 1100 per-

248 1103 515 1153 tinentibus
550 1132 560 1143 ·
598 1104 872 1153 Reddendo
907 1106 1024 1155 inde
1060 1110 1312 1159 annuatim
1345 1113 1465 1162 mihi
1501 1123 1550 1164 et
1583 1116 1844 1168 heredibus
1877 1122 1997 1170 meis
2031 1123 2269 1174 sexdecim

247 1195 422 1244 solidos
463 1196 655 1260 argenti
693 1197 758 1244 ad
794 1197 916 1245 duos
954 1199 1188 1248 terminos
1220 1205 1327 1250 οᾶο
1362 1204 1539 1254 solidos
1579 1207 1763 1258 scilicet
1797 1211 1859 1258 ad
1894 1211 2066 1262 festum
2106 1214 2267 1265 San&

247 1284 454 1334 Martini
480 1292 529 1334 et
553 1287 659 1333 οᾶο
683 1285 860 1334 solidos
892 1287 955 1338 ad
990 1287 1313 1340 Pentecosten
1349 1319 1359 1331 ·
1394 1293 1461 1343 Et
1495 1303 1548 1344 ut
1582 1297 1674 1346 hec
1707 1316 1817 1348 mea
1850 1301 2046 1351 donatio
2080 1313 2188 1354 rata
2221 1315 2268 1354 et

244 1375 523 1425 inconcuss'a
545 1385 832 1441 permaneat
855 1377 973 1427 huic
996 1379 1175 1444 scripto
1206 1380 1415 1446 sigillum
1449 1402 1610 1435 meum
1645 1368 1858 1454 dignum⁴
1878 1392 1994 1441 duxi
2026 1411 2268 1459 apponen-

246 1468 362 1516 dum
398 1496 408 1506 ·
447 1467 561 1515 Hiis
595 1467 798 1517 testibus
823 1495 833 1506 ·
858 1468 1078 1518 Domino
1112 1470 1279 1521 David
1315 1474 1376 1523 de
1412 1475 1575 1526 Betun
1607 1505 1617 1515 -
1650 1478 1864 1544 Hugone
1898 1482 2050 1532 fratre
2085 1485 2267 1534 domini

241 1557 448 1608 Comitis
484 1587 494 1597 ·
532 1557 808 1608 Dunecano
866 1561 927 1609 de
974 1560 1220 1611 Ferneuel
1253 1590 1264 1602 ·
1302 1563 1516 1630 Hugone
1574 1569 1829 1620 sacerdote
1889 1573 1950 1621 de
1990 1573 2222 1625 Mureaus
2256 1603 2266 1613 ·

237 1648 273 1697 J
275 1649 467 1698 ohanne
491 1650 552 1698 de
578 1649 750 1715 Rifing
773 1678 783 1689 ·
809 1651 1024 1700 Ranulfo
1050 1653 1111 1701 de
1135 1652 1313 1703 Forfar
1337 1682 1347 1693 ·
1375 1655 1622 1706 Willelmo
1646 1676 1800 1723 parvo
1825 1688 1834 1698 ·
1859 1670 1908 1711 et
1931 1665 2093 1714 multis
2117 1666 2223 1715 aliis
2240 1694 2250 1703 ·

237 1895 408 1969 Carta
434 1919 656 1969 Matildis
683 1921 932 1972 Comitiffe
957 1924 1018 1972 de
1045 1924 1251 1990 Anegus
1275 1927 1336 1975 de
1361 1927 1578 1977 Abthein
1603 1930 1664 1978 de
1689 1929 1932 1980 Monifoth
1957 1960 1966 1969 ·
2023 1931 2027 1934 ’

175 2137 185 2148 .
241 2081 431 2154 Sciant
456 2119 623 2151 omnes
647 2110 745 2152 tam
770 2107 1019 2169 presentes
1044 2123 1190 2171 quam
1214 2107 1367 2156 futuri
1390 2107 1484 2157 hoc
1509 2109 1739 2173 scriptum
1763 2111 1911 2160 visuri
1936 2113 2013 2162 vel
2047 2114 2259 2163 audituri

237 2195 368 2258 quod
392 2194 500 2258 Ego
538 2195 760 2244 Matildis
797 2197 1034 2246 comitissa
1069 2198 1129 2246 de
1164 2198 1371 2263 Anegus
1404 2198 1457 2246 in
1491 2198 1710 2263 legitima
1741 2202 1976 2265 potestate
2011 2204 2258 2253 viduitatis

233 2302 340 2334 mee
382 2286 590 2335 existens
638 2288 845 2337 conceffi
886 2298 935 2339 et
974 2289 1189 2354 presenti
1231 2296 1368 2338 carta
1406 2305 1516 2336 mea
1561 2290 1843 2339 confirmavi
1885 2292 2126 2342 Nicholao
2159 2294 2258 2342 filio

237 2377 390 2425 Bricii
416 2378 679 2427 sacerdotis
705 2380 765 2427 de
791 2380 1056 2430 Kerimure
1082 2389 1131 2429 et
1152 2380 1415 2428 heredibus
1439 2379 1533 2427 suis
1560 2387 1711 2429 totam
1744 2389 1924 2431 terram
1957 2384 2017 2432 de
2041 2384 2258 2433 Abthein

232 2450 296 2517 'de
333 2467 565 2516 Munifeit
599 2497 610 2507 ·
648 2469 939 2519 Tenendam
976 2480 1025 2520 et
1058 2471 1333 2519 habendam
1367 2469 1455 2518 fibi
1490 2478 1538 2518 et
1572 2471 1832 2520 heredibus
1866 2472 1961 2521 suis
1995 2474 2055 2521 de
2092 2492 2169 2524 me
2209 2485 2257 2524 et

234 2555 495 2608 heredibus
519 2560 639 2608 meis
663 2560 715 2608 in
747 2561 894 2609 feudo
929 2571 979 2611 et
1013 2561 1286 2610 hereditate
1320 2577 1410 2624 per
1443 2562 1598 2608 re&as
1633 2561 1808 2610 divisas
1842 2562 1946 2611 suas
1980 2580 2089 2611 cum
2116 2565 2256 2628 justis

236 2650 544 2714 pertinentiis
568 2644 663 2699 suis
688 2658 737 2700 et
761 2651 1055 2702 aifiamentis
1090 2652 1169 2701 Ita
1191 2652 1346 2700 libere
1371 2658 1421 2699 et
1455 2651 1619 2714 quiete
1653 2651 1873 2715 plenarie
1909 2661 1956 2701 et
1990 2653 2255 2704 honorifice

243 2741 296 2788 in
320 2740 543 2788 omnibus
568 2741 688 2790 ficut
711 2742 763 2790 in
799 2751 937 2792 carta
971 2743 1156 2791 domini
1180 2771 1190 2781 ·
1218 2742 1276 2790 M
1299 2769 1309 2780 ·
1334 2741 1459 2790 bone
1494 2741 1724 2790 memorie
1759 2742 1940 2790 dudum
1975 2744 2161 2792 comitis
2194 2746 2255 2794 de

241 2831 446 2895 Anegus
469 2831 623 2894 patris
647 2832 743 2880 mei
779 2831 1054 2896 supradifito
1080 2861 1090 2872 ·
1118 2832 1169 2880 N
1192 2859 1202 2869 ·
1227 2832 1341 2879 inde
1377 2831 1555 2879 collata
1588 2831 1788 2880 liberius
1824 2833 2032 2896 quietius
2065 2834 2253 2898 plenius

239 2929 288 2969 et
310 2921 713 2969 honorificentius
739 2922 1019 2971 continetur
1037 2951 1046 2962 ·
1063 2922 1333 2970 Reddendo
1356 2921 1471 2970 inde
1496 2923 1745 2970 annuatim
1769 2923 1866 2987 ipse
1890 2932 1938 2972 et
1960 2924 2163 2974 heredes
2185 2926 2254 2974 sui

237 3010 384 3059 michi
409 3018 458 3059 et
482 3011 743 3060 heredibus
766 3012 888 3060 meis
912 3013 1152 3061 sexdecim
1177 3012 1352 3060 solidos
1377 3012 1564 3077 argenti
1589 3013 1650 3060 ad
1675 3013 1795 3061 duos
1819 3014 2050 3063 terminos
2074 3015 2253 3065 scilicet

237 3103 343 3148 οὸὶο
380 3101 555 3149 solidos
593 3102 656 3150 ad
683 3102 997 3166 pentecosten
1035 3110 1084 3152 et
1119 3104 1227 3150 0800
1262 3102 1437 3150 solidos
1472 3109 1522 3151 at
1556 3102 1725 3151 festum
1763 3102 1928 3153 Sanffi
1962 3104 2165 3154 Martini
2199 3106 2250 3155 in

237 3190 394 3242 hieme
414 3217 423 3227 ·
447 3190 513 3239 Et
536 3191 586 3239 in
611 3191 754 3255 hujus
775 3192 848 3240 rei
873 3192 1200 3241 testimonium
1226 3192 1438 3256 presenti
1457 3192 1633 3257 scripto
1652 3191 1855 3257 sigillum
1873 3210 2031 3243 meum
2051 3196 2247 3260 dignum
