2554 3900
362 423 458 467 302
809 416 1232 467 REGISTRUM
1264 416 1360 465 DE
1397 415 1951 468 ABERBROTHOC.

362 620 530 691 Carta
554 640 821 690 tenementi
844 639 897 687 in
924 638 1145 702 Cobgate
1171 639 1233 686 ad
1257 638 1643 688 elemofinariam
1667 639 1927 703 spe&antis
1953 666 1962 675 ·

175 810 315 877 [346]
362 802 638 875 Uniuerfis
673 821 921 885 presentes
957 818 1146 867 litteras
1185 818 1356 866 visuris
1395 818 1473 866 vel
1509 819 1749 867 audituris
1785 818 2068 867 Bernardus
2092 817 2191 865 Dei
2226 819 2395 882 gracia

361 915 508 962 abbas
551 914 611 961 de
654 909 1001 960 Aberbrothoc
1043 915 1092 957 et
1134 908 1346 956 eiusdem
1390 909 1488 957 loci
1530 917 1802 959 conuentus
1844 917 2064 958 eternam
2098 909 2150 956 in
2176 908 2394 956 Domino
2488 910 2492 924 J
2538 909 2542 955 ἰ

357 1005 561 1052 salutem
598 1030 607 1039 ·
646 999 900 1049 Noueritis
935 1015 1024 1046 nos
1066 999 1126 1046 de
1167 998 1384 1046 vnanimi
1426 1000 1660 1048 consensu
1697 1007 1747 1049 et
1785 1000 1966 1048 assensu
2002 1000 2158 1048 tocius
2194 1000 2396 1063 capituli
2491 1010 2495 1017 ‘
2539 994 2543 1005 ’

357 1094 510 1143 nostri
546 1090 817 1141 conceffifl'e
859 1097 907 1139 et
944 1090 1009 1138 ad
1049 1089 1386 1138 feodofirmam
1424 1089 1645 1138 dimififfe
1682 1119 1691 1129 ·
1732 1090 1959 1139 Galfrido
1995 1090 2126 1139 dicto
2161 1089 2395 1155 Clulbyd-

357 1186 517 1234 heued
551 1213 562 1222 ·
597 1180 825 1247 burgensi
859 1179 1024 1229 nostro
1061 1181 1121 1229 de
1161 1180 1508 1229 Aberbrothoc
1543 1180 1680 1228 illam
1714 1180 2004 1244 perticatam
2040 1189 2168 1229 terre
2203 1181 2255 1228 in
2287 1182 2395 1230 vico

358 1279 419 1325 de
458 1276 652 1339 Cobgat
688 1291 782 1338 que
817 1273 947 1321 iacet
982 1272 1121 1320 iuxta
1155 1272 1353 1320 domum
1388 1271 1595 1335 predififfi
1623 1271 1838 1320 Galfridi
1874 1289 1933 1319 ex
1957 1280 2097 1335 parte
2122 1272 2322 1321 australi
2347 1281 2395 1321 et
2485 1311 2513 1338 -3

356 1370 536 1432 spectat
561 1368 625 1415 ad
657 1363 1041 1414 elemosinariam
1067 1362 1283 1411 nostram
1309 1362 1600 1412 Tenendam
1636 1369 1684 1409 et
1717 1361 1995 1409 habendam
2027 1362 2249 1425 predicto
2277 1363 2394 1412 Gal·

355 1460 484 1508 frido
522 1468 570 1508 et
603 1457 866 1507 heredibus
901 1456 996 1503 suis
1033 1455 1093 1503 de
1128 1454 1268 1503 nobis
1304 1462 1352 1503 et
1387 1452 1731 1502 successoribus
1759 1452 1937 1500 nostris
1961 1452 2031 1500 ita
2053 1453 2206 1500 libere
2231 1454 2395 1517 quiete
2487 1433 2503 1458 ⁴*

354 1550 575 1614 plenarie
618 1556 666 1598 et
706 1547 976 1596 honorifice
1023 1546 1144 1595 ficut
1186 1545 1352 1609 aliqua
1396 1552 1531 1593 terra
1575 1542 1890 1592 elemofinata
1933 1543 2134 1592 liberius
2176 1544 2395 1607 quiecius
2548 1523 2549 1530 J

354 1641 604 1705 plenarius
640 1647 688 1688 et
721 1637 1125 1686 honorificentius
1163 1637 1217 1684 in
1253 1637 1410 1700 burgo
1447 1635 1614 1683 nostro
1650 1635 1711 1682 de
1737 1633 2082 1688 Aberbrothoc
2117 1641 2312 1683 tenetur
2345 1645 2393 1685 et
2549 1627 2551 1684 J

352 1731 621 1797 poffidetur
646 1760 656 1769 ·
683 1729 957 1778 Rcddendo
991 1727 1190 1792 fingulis
1226 1727 1366 1775 annis
1400 1726 1501 1791 ipse
1530 1725 1786 1775 Galfridus
1816 1733 1865 1774 et
1887 1726 2096 1774 heredes
2120 1727 2191 1774 sui
2216 1727 2392 1776 elemo-

354 1823 530 1872 finario
572 1799 737 1870 n⁸ostro
777 1820 862 1885 qui
905 1837 996 1884 pro
1038 1827 1258 1883 tempore
1298 1818 1447 1867 fuerit
1486 1817 1760 1882 pro'firma
1799 1817 1928 1865 diae
1964 1824 2097 1866 terre
2133 1818 2392 1866 duodecim

353 1914 579 1962 denarios
618 1914 858 1961 bonorum
901 1918 950 1960 et
995 1910 1228 1974 legalium
1274 1909 1620 1974 sterlingorum
1667 1909 1731 1957 ad
1777 1909 1898 1956 duos
1945 1908 2064 1956 anni
2109 1908 2343 1956 terminos
2382 1936 2392 1946 ·
2492 1898 2495 1906 ἱ

353 2005 584 2054 videlicet
617 2005 698 2053 sex
726 2003 955 2052 denarios
997 2003 1060 2050 ad
1100 2001 1275 2050 festum
1309 1999 1657 2049 Penthecostes
1693 2006 1742 2048 et
1776 1999 1898 2048 alios
1940 1999 2019 2047 sex
2061 2000 2288 2048 denarios
2329 2002 2393 2048 ad

351 2096 526 2144 festum
553 2094 720 2145 Sancti
744 2093 952 2143 Martini
981 2094 1035 2141 in
1069 2109 1211 2158 yeme
1236 2119 1246 2129 ·
1281 2091 1347 2140 Et
1369 2091 1518 2140 faciet
1541 2091 1670 2139 idem
1710 2090 1964 2140 Galfridus
2005 2091 2180 2139 dictam
2210 2101 2391 2139 terram

354 2187 573 2235 edificari
601 2187 651 2234 in
681 2186 843 2233 fronte
876 2185 1143 2234 secundum
1175 2184 1374 2232 modum
1407 2182 1553 2247 burgi
1575 2182 1706 2230 infra
1738 2181 1922 2245 primos
1958 2189 2057 2230 tres
2093 2164 2247 2229 annos
2282 2209 2291 2218 ·
2329 2183 2390 2230 In

354 2276 491 2324 cuius
527 2277 599 2325 rei
637 2256 967 2324 testimonium
1005 2292 1262 2323 commune
1300 2273 1511 2338 sigillum
1547 2273 1750 2336 capituli
1785 2272 1940 2321 nostri
1979 2272 2283 2336 presentibus
2321 2272 2390 2321 est

354 2367 615 2431 appensum
654 2398 663 2407 ·
700 2366 851 2415 Anno
874 2366 1041 2432 gracie
1066 2364 1317 2415 millefimo
1332 2364 1682 2431 trecentesimo
1707 2363 1897 2412 decimo
1923 2365 2093 2412 oaauo
2119 2392 2128 2402 ·
2481 2343 2485 2368 ἶ

352 2614 661 2699 Refignatio
684 2641 931 2682 terrarum
954 2633 1007 2681 in
1032 2633 1150 2682 villa
1174 2635 1234 2683 de
1260 2634 1531 2682 Abberden
1556 2661 1566 2671 ·

168 2807 307 2872 [347]
354 2796 615 2869 Omnibus
648 2816 737 2864 has
771 2816 963 2866 litteras
998 2815 1170 2863 visuris
1206 2815 1285 2864 vel
1319 2816 1558 2882 audituris
1594 2845 1604 2855 ·
1640 2816 1935 2872 malcolmus
1971 2816 2032 2863 de
2062 2814 2351 2878 Hadington
2376 2792 2498 2878 wass
2521 2781 2536 2870 J

352 2907 546 2971 sponsus
570 2906 830 2956 Elizabeth
852 2907 914 2956 de
934 2905 1160 2955 Maleuill
1183 2913 1232 2955 et
1256 2909 1537 2956 actm-natus
1553 2907 1768 2956 eiusdem
1785 2925 1875 2972 per
1893 2907 2084 2956 litteras
2108 2907 2169 2954 de
2196 2906 2385 2970 capella
2534 2903 2536 2911 '

354 2997 540 3046 domini
558 2997 689 3062 regis
711 2996 884 3047 Scocie
901 2997 1143 3063 legittime
1160 2996 1450 3047 constitutus
1476 2997 1676 3046 salutem
1701 2998 1753 3046 in
1774 2997 1988 3046 Domino
2012 2996 2352 3061 sempiternam
2373 3022 2383 3032 ·
2457 3034 2485 3063 ,ἢ
2530 3009 2535 3019 ²

354 3088 612 3137 Noueritis
646 3105 724 3137 me
759 3088 840 3137 die
877 3088 994 3137 lune
1033 3088 1259 3152 proxima
1297 3087 1402 3152 post
1435 3086 1608 3136 festum
1643 3087 1811 3138 Sancti
1847 3087 2098 3153 Nycholai
2134 3087 2346 3152 episcopi
2362 3079 2380 3126 ’ἶ

355 3181 505 3229 Anno
529 3180 695 3243 gracie
719 3180 971 3229 millefimo
1007 3178 1344 3228 trecentesimo
1369 3179 1594 3228 vicesimo
1631 3180 1763 3243 apud
1788 3178 2134 3229 Aberbrothoc
2164 3178 2217 3226 in
2240 3177 2385 3242 plena
