2554 3900
303 447 310 454 .
398 409 494 461 274
842 408 1264 459 REGISTRUM
1297 408 1393 457 DE
1429 406 1981 457 ABERBROTHOC.

319 671 324 677 .
404 608 721 695 Synkerdun
745 630 828 678 seu
855 625 1073 680 Glaufi‘at
1096 629 1276 678 limites
1299 656 1309 665 ·

222 808 361 873 [318]
406 790 682 863 Uniuerfis
716 809 961 872 presentes
995 808 1163 856 literas
1199 808 1484 872 inspecturis
1516 789 1790 857 Welandus
1826 810 1887 858 de
1929 808 2175 874 Seynclau
2213 807 2435 855 dominus

406 904 466 951 de
491 900 868 966 Kynblatmund
897 899 1100 947 salutem
1131 899 1182 946 in
1207 898 1424 948 Domino
1448 926 1458 936 ·
1483 899 1807 949 Vniuerfitati
1832 891 1989 948 vestre
2012 900 2284 948 innotescat
2308 901 2439 963 quod

406 993 441 1040 fi
466 992 718 1055 contingat
742 1007 819 1038 me
844 990 977 1053 quod
1000 988 1120 1037 abfit
1143 989 1223 1037 vel
1245 989 1459 1053 aliquem
1480 990 1720 1039 heredum
1742 1008 1963 1039 meorum
1988 991 2070 1039 seu
2094 990 2438 1055 affignatorum

406 1091 539 1131 terra
562 1082 622 1129 de
641 1080 1019 1145 Kynblatmund
1042 1079 1206 1143 aliquo
1232 1080 1343 1128 casu
1367 1080 1523 1130 inuite
1547 1083 1736 1146 priuari
1759 1111 1769 1121 ·
1797 1083 1909 1130 volo
1934 1091 1982 1131 et
2007 1083 2223 1130 concedo
2248 1099 2338 1146 pro
2361 1099 2438 1130 me

406 1181 455 1222 et
472 1172 732 1222 heredibus
754 1171 876 1220 meis
900 1171 979 1218 vel
1002 1170 1249 1235 affignatis
1272 1173 1405 1235 quod
1428 1172 1514 1220 illa
1536 1173 1782 1237 particula
1805 1181 1938 1221 terre
1962 1189 2117 1237 prope
2141 1172 2439 1238 Synkerdun

407 1282 501 1328 que
537 1264 653 1313 olim
688 1263 955 1311 vocabatur
999 1262 1217 1311 Glaufiat
1262 1262 1392 1311 inter
1437 1280 1617 1312 nouam
1666 1265 1925 1329 grangiam
1972 1271 2021 1312 et
2061 1264 2440 1329 Kynblatmund

401 1358 570 1420 jacens
595 1371 706 1403 cum
731 1353 977 1402 communi
1000 1352 1200 1417 pastura
1218 1370 1362 1416 quam
1382 1354 1442 1402 de
1469 1355 1644 1404 abbate
1669 1363 1719 1405 et
1744 1364 1993 1405 conuentu
2011 1357 2073 1404 de
2091 1355 2438 1404 Aberbrothoc

407 1448 470 1496 ad
492 1448 683 1495 firmam
704 1461 795 1509 pro
820 1444 995 1509 viginti
1017 1444 1182 1492 solid1s
1214 1445 1390 1493 annuis
1427 1453 1572 1495 teneo
1597 1474 1607 1485 ·
1634 1447 1698 1495 ad
1731 1445 1859 1511 ipsos
1881 1446 2132 1510 religiosos
2155 1445 2256 1494 fine
2280 1446 2442 1510 aliqua
2514 1440 2519 1446 ’

408 1536 792 1587 contradictione
837 1536 990 1584 libere
1035 1542 1316 1584 reuertatur
1360 1536 1497 1584 nullo
1542 1554 1633 1601 per
1677 1555 1756 1586 me
1803 1538 1881 1586 vel
1928 1538 2134 1586 heredes
2180 1554 2315 1586 meos
2360 1538 2442 1586 seu

407 1629 666 1694 affignatos
687 1628 1009 1692 proponendo
1035 1627 1255 1676 obstante
1279 1655 1289 1664 ·
1325 1626 1386 1675 In
1412 1628 1548 1676 cuius
1575 1628 1656 1676 Rei
1690 1628 2023 1677 testimonium
2049 1627 2255 1692 sigillum
2281 1644 2443 1676 meum
2492 1651 2493 1654 ¹

313 1711 317 1715 ⁴
408 1718 608 1784 apposui
624 1745 636 1755 ·
659 1718 847 1767 Datum
872 1718 1003 1781 apud
1020 1717 1368 1767 Aberbrothoc
1392 1719 1471 1767 die
1499 1718 1665 1769 Sancti
1683 1719 1850 1768 Mauri
1874 1719 2062 1768 abbatis
2086 1736 2216 1768 anno
2239 1719 2442 1767 Domini
2465 1779 2467 1781 q
2492 1765 2497 1770 ,,

409 1809 657 1861 millesimo
682 1809 1011 1858 ducentesimo
1037 1809 1360 1874 octuagesimo
1385 1810 1531 1859 tertio
1558 1837 1567 1847 ·

409 1997 580 2069 Carta
603 2017 664 2065 de
690 2015 894 2081 Kelling
922 2015 1052 2064 Park
1076 2016 1137 2063 de
1162 2015 1365 2064 dimidia
1387 2032 1555 2065 marca
1578 2044 1588 2054 ·

179 2172 182 2176 ’
227 2174 365 2238 [319]
412 2153 670 2226 Omnibus
704 2162 805 2221 'hoe
845 2172 1078 2237 scriptum
1119 2172 1293 2221 visuris
1336 2173 1416 2221 vel
1455 2174 1698 2222 audituris
1733 2174 2022 2223 Alexander
2064 2175 2245 2224 Cumin
2281 2192 2441 2224 comes

411 2266 472 2314 de
507 2265 713 2314 Buchan
764 2254 1166 2313 Constabularius
1219 2262 1383 2312 Scotie
1435 2263 1654 2314 Salutem
1705 2265 1756 2314 in
1798 2266 2016 2314 Domino
2062 2266 2438 2330 sempiternam·
2485 2271 2487 2274 ⁴

411 2355 664 2406 Noueritis
688 2371 778 2403 nos
801 2371 892 2418 pro
915 2354 1056 2402 nobis
1088 2362 1138 2403 et
1170 2354 1432 2403 heredibus
1467 2355 1643 2403 nostris
1678 2355 1836 2404 teneri
1871 2363 1919 2404 et
1955 2355 2163 2419 obligari
2186 2355 2440 2420 Religiofis

411 2447 526 2495 viris
562 2445 726 2495 abbati
761 2452 810 2495 et
846 2445 1113 2494 conuentui
1137 2446 1198 2494 de
1222 2445 1576 2511 Abyrbrothoc
1610 2447 1663 2494 in
1688 2464 1786 2495 vna
1820 2447 2025 2495 dimidia
2058 2463 2226 2495 marca
2249 2447 2440 2511 argenti
2495 2503 2499 2505 ,

408 2538 559 2588 annui
603 2537 825 2586 redditus
870 2553 962 2600 pro
1009 2537 1221 2600 quadam
1270 2537 1516 2600 particula
1555 2544 1687 2585 terre
1727 2539 1808 2586 sue
1844 2538 1905 2586 de
1943 2545 2226 2586 tenemento
2259 2539 2343 2585 suo
2379 2538 2439 2586 de
2475 2537 2478 2540 ’

410 2630 634 2694 Tarvays
658 2657 668 2666 ·
709 2627 820 2686 Que
855 2628 1053 2691 quidem
1085 2628 1331 2692 particula
1364 2635 1496 2676 terre
1531 2627 1718 2676 inclusa
1752 2629 1822 2676 est
1843 2627 1976 2676 infra
1997 2645 2201 2691 parcum
2225 2627 2439 2676 nostrum

408 2722 470 2770 de
493 2719 679 2784 Kellyn
704 2747 715 2758 ·
749 2717 996 2767 Soluendo
1021 2718 1200 2767 eisdem
1224 2718 1343 2766 viris
1377 2717 1615 2782 religiofis
1649 2718 1848 2784 fingulis
1884 2719 2025 2767 annis
2053 2718 2106 2766 in
2129 2718 2250 2766 festo
2273 2726 2439 2783 pente-
2478 2718 2482 2719 ⁷

409 2810 563 2859 costes
585 2809 717 2873 apud
741 2808 966 2873 Tarvays
988 2809 1148 2873 primo
1179 2809 1390 2858 termino
1426 2809 1678 2858 solutionis
1711 2809 1980 2874 incipiente
2004 2810 2068 2858 ad
2088 2809 2401 2874 pentecosten
2426 2837 2436 2848 ·

409 2902 561 2950 Anno
585 2900 752 2965 gracie
774 2899 1028 2948 millefimo
1053 2900 1381 2952 ducentefimo
1407 2898 1697 2964 octogefimo
1722 2900 1923 2963 septimo
1947 2927 1958 2938 ·
1991 2901 2053 2948 ad
2087 2900 2436 2949 inueniendum

408 2993 529 3039 duos
554 3008 720 3039 cereos
745 2992 973 3039 ardentes
998 3006 1163 3039 coram
1198 2991 1343 3039 altari
1366 2990 1532 3039 Beate
1556 2990 1720 3039 Marie
1743 2991 1951 3055 virginis
1981 2991 2033 3038 in
2060 2991 2353 3039 monasterio
2377 2991 2437 3038 de

409 3082 751 3130 Aberbrothoc
774 3082 827 3129 in
850 3088 1143 3145 perpetuum
1172 3081 1392 3144 quolibet
1426 3081 1506 3130 die
1536 3098 1646 3129 cum
1682 3081 1864 3130 ibidem
1897 3082 2067 3130 diuina
2090 3082 2399 3131 celebrantur
2423 3109 2432 3120 ·

338 3189 342 3192 ·
406 3189 495 3236 pro
520 3172 670 3221 salute
696 3172 855 3220 anime
879 3171 1043 3219 nostre
1084 3178 1133 3219 et
1170 3171 1330 3220 anime
1365 3172 1496 3235 regis
1521 3171 1797 3220 Alexandri
1834 3189 1891 3221 ac
1930 3172 2184 3221 animabus
2222 3172 2433 3220 omnium
