2554 3900
641 397 1066 448 REGISTRUM
1100 399 1196 448 DE
1231 401 1783 458 ABERBROTHOC.
2135 420 2228 470 317

201 530 371 580 habuit
393 545 512 594 erga
546 529 700 578 did-,os
731 530 998 578 monachos
1030 547 1120 594 pro
1156 520 1522 600 quibuscun'que
1557 538 1734 587 debitis
1769 556 2056 606 quacunque
2088 551 2229 596 causa

201 622 262 670 ab
285 621 355 670 eis
379 621 604 684 petendis
630 621 895 669 dummodo
919 622 1191 685 presentem
1218 625 1577 675 ordinationem
1602 628 1651 676 in
1678 631 1900 679 omnibus
1923 632 2017 680 suis
2039 637 2229 698 punffls

200 719 248 760 et
272 709 492 759 articulis
526 710 740 759 fideliter
776 711 1145 761 obseruauerint
1168 742 1179 752 ·
1204 715 1275 763 ita
1306 718 1438 779 quod
1473 718 1698 767 dominus
1733 721 1880 770 abbas
1911 723 1972 771 de
2008 726 2228 774 omnibus

199 800 426 850 oneribus
451 800 714 849 ordinariis
739 784 803 850 ab
825 802 896 850 eis
919 804 1144 866 petendis
1169 805 1346 854 debitis
1370 815 1419 856 et
1444 807 1685 858 consuetis
1711 811 1981 875 dyocesano
2013 813 2109 862 loci
2145 817 2226 879 qui

197 909 286 958 pro
310 899 530 957 tempore
554 891 704 940 fuerit
727 893 984 942 satisfaciat
1008 922 1017 933 ·
1045 895 1106 943 de
1131 896 1305 959 quibus
1340 897 1451 945 dieti
1490 900 1713 968 monachi
1751 901 2071 951 satisfecissent
2107 904 2140 951 si
2177 906 2225 952 in

197 983 419 1032 manibus
457 983 697 1031 distorum
722 983 1062 1048 religiosorum
1086 986 1280 1034 fuissent
1304 1015 1314 1026 ·
1340 987 1400 1035 de
1426 990 1827 1038 extraordinariis
1854 1009 1972 1039 uero
1998 994 2225 1042 oneribus

197 1073 589 1123 incumbentibus
613 1075 821 1123 re&orie
846 1075 972 1124 diae
997 1076 1196 1125 ecclesie
1222 1095 1251 1125 a
1274 1085 1492 1142 tempore
1524 1081 1853 1143 perceptionis
1889 1083 2043 1131 dianus
2078 1085 2224 1134 abbas

197 1164 436 1229 equaliter
469 1182 560 1229 pro
595 1166 800 1214 dimidia
833 1174 974 1230 parte
1010 1167 1321 1231 respondebit
1356 1170 1583 1218 monachi
1620 1188 1736 1219 vero
1769 1189 1859 1236 pro
1895 1173 1992 1222 alia
2024 1175 2226 1224 dimidia

196 1263 335 1321 parte
359 1256 724 1321 respondebunt
748 1265 796 1306 et
824 1257 1115 1307 satisfacient
1150 1285 1159 1295 ·
1195 1258 1254 1306 In
1281 1261 1391 1307 casu
1417 1276 1532 1307 vero
1558 1277 1654 1324 quo
1678 1262 1804 1310 idem
1831 1264 2054 1313 dominus
2078 1267 2223 1315 abbas

196 1363 295 1395 non
320 1346 469 1396 fuerit
489 1355 744 1412 promotus
769 1349 833 1396 ad
857 1347 1108 1397 ecclesiam
1137 1348 1456 1399 Sodorensem
1483 1351 1614 1414 quod
1638 1351 1757 1399 absit
1783 1353 2002 1402 volumus
2026 1363 2075 1403 et
2099 1357 2224 1404 ordi-

197 1454 369 1486 namus
393 1438 454 1486 de
479 1438 711 1487 consensu
736 1439 853 1487 diai
879 1446 1153 1488 conuentus
1181 1449 1234 1489 ut
1266 1441 1402 1504 prius
1436 1441 1589 1490 libere
1627 1443 1686 1490 ad
1724 1443 1943 1507 regimen
1976 1445 2118 1493 officii
2153 1447 2223 1493 sui

197 1537 428 1593 tanquam
453 1529 603 1578 abbas
629 1529 918 1578 admittatur
935 1558 946 1568 ·
972 1529 1006 1577 fi
1032 1538 1194 1579 autem
1219 1531 1350 1580 idem
1375 1532 1600 1580 dominus
1626 1533 1773 1581 abbas
1797 1534 1849 1590 in
1873 1534 2048 1582 itinere
2083 1553 2223 1599 expe-

198 1620 300 1669 dito
337 1620 546 1685 negocio
585 1621 660 1670 vel
701 1621 884 1670 infesto
922 1623 1130 1687 negocio
1168 1623 1324 1670 infata
1361 1623 1566 1671 decedat
1604 1624 1824 1672 volumus
1862 1631 1910 1672 et
1947 1626 2224 1674 ordinamus

103 1770 112 1781 =
197 1712 461 1761 accedente
486 1711 726 1760 dictorum
751 1713 1102 1761 monachorum
1130 1713 1361 1761 consensu
1391 1722 1442 1761 vt
1473 1713 1609 1776 prius
1644 1714 1775 1777 quod
1810 1714 1907 1777 ipsc
1941 1715 2017 1762 vel
2051 1716 2120 1763 sui
2157 1727 2224 1763 at-

197 1802 378 1851 tornati
403 1803 486 1851 seu
511 1813 798 1852 executores
822 1804 884 1852 de
908 1804 1146 1852 fruetibus
1179 1804 1304 1852 diste
1340 1803 1540 1851 ecclesie
1579 1804 1639 1851 de
1676 1804 1965 1868 Abernethy
1991 1805 2224 1854 ducentas

197 1909 385 1942 marcas
409 1893 603 1958 argenti
625 1894 794 1943 leuent
829 1902 878 1943 et
911 1895 1188 1959 percipient
1223 1911 1280 1943 ac
1315 1894 1468 1943 libere
1503 1894 1760 1958 disponant
1794 1911 1883 1958 pro
1920 1895 2094 1943 debitis
2131 1897 2223 1943 suis

197 1983 437 2032 soluendis
483 1984 620 2032 nullo
665 1985 988 2049 proponendo
1037 1985 1257 2034 obstante
1305 2014 1315 2024 ·
1365 1985 1604 2033 Volumus
1651 1985 1804 2033 eciam
1849 1992 1900 2033 et
1946 1985 2223 2034 ordinamus

196 2076 328 2140 quod
363 2074 398 2123 fi
433 2075 636 2124 ecclesia
670 2077 731 2124 de
767 2076 1090 2141 Kyrkmacho
1129 2075 1439 2140 Glasguensis
1474 2076 1675 2124 diocesis
1722 2077 1926 2125 cedente
1964 2076 2040 2124 vel
2084 2078 2222 2126 dece-

197 2168 341 2216 dente
366 2169 556 2216 re&ore
585 2167 799 2216 eiusdem
831 2169 916 2232 qui
950 2185 1083 2216 nunc
1119 2166 1189 2215 est
1224 2167 1287 2214 ad
1321 2167 1431 2214 usus
1465 2167 1689 2230 proprios
1723 2166 2072 2215 monachorum
2108 2169 2223 2216 disti

197 2258 477 2306 monasterii
513 2260 800 2323 peruenerit
839 2260 1002 2308 medio
1040 2267 1260 2322 tempore
1296 2257 1427 2305 infra
1463 2257 1726 2305 terminum
1767 2257 2007 2305 di&orum
2043 2259 2223 2322 septem

197 2327 436 2398 annorum
474 2350 606 2414 quod
643 2350 774 2398 ditta
810 2350 1014 2399 ecclesia
1050 2350 1111 2398 de
1150 2349 1444 2412 Abernethy
1479 2349 1543 2395 ad
1580 2348 1688 2396 usus
1724 2347 2071 2396 monachorum
2111 2348 2225 2395 diui

198 2439 477 2488 monasterii
500 2440 656 2489 libere
679 2448 959 2490 reuertatur
994 2440 1196 2489 ecclesia
1229 2440 1290 2487 de
1325 2437 1646 2502 Kyrkmacho
1676 2437 1729 2484 in
1763 2437 1983 2485 manibus
2007 2437 2120 2485 dieti
2146 2439 2224 2485 ab·

197 2529 321 2578 batis
356 2529 421 2578 fic
455 2531 669 2594 promoti
699 2531 847 2595 vsque
885 2532 949 2579 ad
986 2531 1283 2595 completum
1319 2530 1582 2578 terminum
1621 2528 1801 2592 septem
1839 2544 2075 2576 annorum
2114 2546 2222 2576 cum

197 2622 512 2685 perceptione
536 2623 782 2671 fructuum
805 2630 1092 2671 remanente
1123 2622 1316 2686 integre
1351 2647 1361 2657 ·
1396 2619 1457 2667 In
1482 2619 1618 2667 cuius
1655 2619 1728 2666 rei
1753 2618 2076 2667 testimonium
2100 2617 2221 2682 sigil-

108 2714 111 2718 '
150 2688 167 2748 -x
197 2710 298 2759 lum
321 2711 541 2760 nostrum
566 2729 678 2761 cum
703 2713 858 2778 sigillo
883 2713 999 2761 dieti
1023 2712 1210 2761 domini
1233 2711 1421 2760 abbatis
1453 2710 1514 2757 de
1546 2709 1889 2757 Aberbrothoc
1921 2697 2220 2772 presentibus

198 2799 266 2848 est
289 2803 552 2866 appensum
577 2831 588 2842 ·
614 2805 722 2853 asta
745 2811 794 2852 et
819 2804 936 2852 data
959 2803 1039 2851 die
1064 2819 1194 2851 anno
1220 2810 1270 2851 et
1292 2801 1400 2849 loco
1425 2799 1708 2864 supradiffis
1733 2827 1742 2836 ·
