2554 3900
340 414 437 456 310
785 407 1207 458 REGISTRUM
1241 408 1337 456 DE
1373 407 1930 457 ABERBROTHOC.

340 540 425 587 fiat
449 541 656 588 durante
682 539 809 588 dicto
833 539 1042 588 termino
1066 556 1155 603 per
1180 539 1586 588 constructionem
1612 539 1817 587 alicuius
1842 537 2129 587 canicularii
2149 536 2371 603 [cunicu-

342 632 456 678 larii
469 630 517 695 Ξ]
546 647 634 694 per
657 647 746 678 nos
771 630 851 678 vel
874 630 1087 693 aliquem
1111 630 1277 677 nostro
1305 629 1501 678 nomine
1536 629 1588 677 in
1625 630 1794 678 eadem
1820 628 2131 677 construendi
2156 629 2372 677 valorem

342 720 475 768 illius
512 720 858 768 diminucionis
885 736 975 783 per
999 719 1150 768 visum
1174 719 1534 783 fidedignorum
1570 720 1622 767 in
1657 720 1901 768 solucione
1923 719 2063 766 firme
2088 719 2168 766 sue
2194 719 2374 767 eisdem

343 812 576 859 faciemus
602 810 803 859 allocari
829 839 839 849 -
865 809 926 857 In
951 809 1088 858 cuius
1111 809 1184 857 rei
1207 809 1535 857 testimonium
1558 811 1770 873 presenti
1793 810 1972 874 scripto
1998 810 2206 873 sigillum
2231 810 2375 857 officii

343 901 495 948 nostri
522 900 830 964 apposuimus
871 900 1002 963 apud
1042 899 1391 948 monasterium
1431 899 1650 948 nostrum
1691 902 1752 949 de
1788 901 2134 949 Aberbrothoc
2172 901 2250 948 die
2292 901 2375 948 do-

2483 624 2521 1027 ⁴t·2wfmaezwzz;;;
2491 497 2517 613 2³:14,-
2508 403 2515 411 ,.
2494 348 2514 369 ,Α
2496 315 2514 331 .·,.
2508 285 2513 291 Α.
2511 247 2513 249 ,

2483 1210 2515 1463 ,αφ’-ἰ-ἑπτῖπτνῑῗψκψ
2492 1110 2512 1123 ς,
2491 1019 2514 1095 ’;,’

344 991 526 1038 minica
571 990 794 1054 proxima
846 990 954 1054 post
1012 989 1185 1038 festum
1250 989 1556 1037 iuuencionis
1603 989 1764 1038 sanae
1825 991 1984 1038 crucis
2033 1008 2162 1039 anno
2211 990 2376 1054 gracie

345 1080 596 1128 millesimo
621 1078 958 1129 trecentesimo
984 1078 1210 1128 vicefimo
1235 1079 1407 1142 quinto
1433 1110 1444 1119 ·

353 1320 702 1411 [Recognitio
726 1348 868 1411 super
893 1346 1060 1396 divifis
1085 1349 1146 1396 de
1171 1348 1400 1413 Ardlogy
1425 1356 1474 1396 et
1498 1347 1706 1414 Fyvyne
1730 1348 1762 1413 ·]

162 1526 301 1591 [353]
350 1507 610 1578 Omnibus
633 1529 721 1576 has
744 1528 933 1577 litteras
957 1529 1129 1576 visuris
1153 1528 1233 1576 vel
1256 1529 1496 1577 audituris
1514 1530 1549 1578 J
1552 1531 1770 1579 ohannes
1788 1530 2088 1594 Drimmyng
2107 1530 2379 1578 vicecomes

349 1619 409 1665 de
434 1618 689 1666 Abirdene
714 1636 772 1667 ac
807 1619 1144 1667 locumtenens
1178 1618 1357 1666 nobilis
1382 1619 1476 1667 viri
1501 1620 1687 1668 domini
1712 1620 1990 1668 Alexandri
2013 1619 2187 1668 Fraser
2209 1619 2379 1668 Came-

2502 1736 2520 1773 ω
2500 1588 2520 1727 '-'«-.;r’-<›k›-
2507 1571 2517 1577 ς
2494 1464 2515 1561 ,·..,“’];”,

2541 1706 2544 1712 -
2547 1647 2554 1667 4-
2536 1607 2538 1611 .

351 1708 471 1755 rarii
513 1707 686 1757 Scocie
726 1709 928 1758 salutem
964 1709 1016 1756 in
1052 1708 1271 1756 Domino
1307 1710 1649 1773 sempiternam
1691 1742 1700 1752 ·
1744 1710 2000 1759 Noueritis
2034 1727 2122 1758 nos
2155 1711 2235 1758 die
2265 1710 2380 1758 lune

2477 1795 2521 1904 Ζννὲἒξῆ
2480 1688 2506 1785 ‘AL-‘¹⁴⁴¹'
2481 1627 2506 1682 *itr-
2479 1552 2510 1628 '9⁸13‘ss
2494 1521 2506 1541 υ

345 1799 569 1861 proxima
601 1799 708 1862 post
745 1800 917 1848 festum
945 1799 1109 1848 Sanffi
1133 1798 1468 1847 Bartholomei
1500 1800 1726 1864 Apostoli
1764 1818 1893 1849 anno
1930 1801 2096 1864 gracie
2127 1800 2379 1848 millefimo
2507 1781 2521 1818 ³·

346 1889 684 1937 trecentesimo
713 1889 935 1939 vicesimo
961 1890 1133 1953 quinto
1157 1890 1300 1952 super
1327 1875 1519 1940 moram
1543 1892 1680 1940 iuxta
1704 1909 1908 1956 parcum
1932 1892 1993 1939 de
2017 1890 2223 1955 Fyvyne
2247 1907 2380 1939 rece·
2487 1852 2522 1973 ἕξ

344 1981 459 2043 piffe
496 1981 646 2029 breue
684 1982 871 2029 domini
910 1982 1065 2029 nostri
1091 1981 1243 2046 Regis
1280 1981 1424 2047 super
1462 1981 1625 2030 diuifis
1666 1988 1797 2031 terre
1835 1984 1896 2031 de
1921 1983 2148 2047 Ardlogy
2181 1999 2275 2045 que
2311 1983 2381 2030 est
2484 1972 2540 2025 ἒ

2504 2203 2509 2212 ’
2491 2129 2521 2193 jsffi‘
2505 2109 2521 2120 ⁴.-
2488 2043 2521 2102 «Ϊῖῗῗ«
2487 2012 2515 2038 ,²²⁸

343 2071 680 2134 religiosorum
718 2072 936 2120 virorum
975 2072 1284 2120 dominorum
1324 2074 1512 2122 abbatis
1550 2083 1599 2123 et
1637 2082 1908 2122 conuentus
1949 2075 2009 2122 de
2046 2073 2380 2122 Abirbrothoc

345 2170 393 2210 et
422 2163 558 2225 parci
597 2163 783 2211 domini
820 2162 973 2211 nostri
1009 2163 1161 2228 Regis
1202 2164 1255 2212 in
1295 2165 1388 2212 hec
1423 2165 1574 2212 verba
1598 2192 1608 2202 ·
1645 2163 1890 2212 Robertus
1926 2164 2026 2212 Dei
2065 2165 2236 2228 gracia
2273 2164 2380 2213 Rex

347 2251 604 2300 Scotorum
645 2253 933 2302 Alexandro
974 2254 1150 2303 Fraser
1189 2255 1336 2303 militi
1377 2255 1647 2304 camerario
1688 2255 1773 2303 suo
1815 2255 1992 2304 dilecto
2035 2263 2084 2302 et
2123 2255 2255 2303 fideli
2297 2255 2379 2302 seu

346 2343 622 2406 cuicunque
649 2343 728 2391 vel
752 2343 1117 2412 quibuscunque
1144 2345 1307 2394 locum
1341 2347 1477 2394 suum
1514 2346 1701 2394 tenenti
1725 2346 1804 2393 vel
1839 2346 2118 2394 tenentibus
2143 2345 2344 2394 salutem
2369 2373 2378 2384 ·

345 2432 642 2482 Mandamus
671 2434 803 2482 vobis
829 2441 878 2482 et
900 2435 1108 2484 firmiter
1141 2436 1441 2500 precipimus
1477 2436 1706 2500 quatinus
1740 2453 1831 2500 per
1854 2438 2034 2500 probos
2058 2444 2108 2484 et
2129 2436 2297 2484 fideles
2322 2453 2379 2484 ac

346 2524 648 2587 antiquiores
681 2524 904 2587 homines
942 2525 1102 2589 patrie
1140 2534 1189 2574 et
1224 2543 1314 2590 per
1350 2542 1472 2590 quos
1514 2527 1594 2574 Rei
1635 2527 1816 2575 veritas
1851 2526 2026 2574 melius
2060 2526 2173 2574 sciri
2196 2526 2378 2590 poterit
2473 2515 2554 2599 ἧς*

347 2614 651 2678 Recognosci
675 2614 867 2663 faciatis
892 2619 1056 2665 nectas
1082 2624 1238 2666 metas
1273 2624 1322 2665 et
1350 2617 1527 2665 divisas
1561 2618 1691 2666 inter
1725 2625 1910 2666 terram
1946 2618 2007 2666 de
2032 2617 2260 2682 Ardlogy
2285 2634 2378 2682 que
2483 2610 2499 2642 ἦ
2551 2602 2554 2611 ¹

347 2705 417 2753 est
442 2705 631 2753 abbatis
656 2712 704 2754 et
729 2714 1000 2756 conuentus
1025 2708 1086 2755 de
1105 2707 1442 2756 Abirbrothoc
1465 2707 1596 2756 infra
1621 2708 2018 2757 vicecomitatum
2042 2708 2103 2756 de
2123 2707 2378 2756 Abirdene
2476 2691 2522 2747 f?

347 2813 405 2843 ex
429 2804 568 2859 parte
594 2813 690 2844 vna
724 2804 772 2845 et
806 2814 1009 2861 parcum
1044 2797 1260 2847 nostrum
1296 2799 1357 2849 de
1380 2798 1588 2864 Fyvyne
1624 2815 1684 2847 ex
1719 2806 1859 2863 parte
1892 2799 2049 2848 altera
2072 2827 2082 2836 ·
2119 2799 2185 2846 Et
2206 2798 2243 2846 fi
2266 2800 2378 2847 bur·
2477 2773 2493 2822 ἶ

346 2887 515 2950 genses
538 2886 690 2935 nostri
712 2887 859 2952 burgi
883 2888 944 2936 de
967 2886 1174 2953 Fyvyne
1208 2888 1391 2938 habent
1425 2889 1638 2953 aliquem
1669 2889 1845 2939 statum
1868 2891 1951 2939 seu
1974 2890 2156 2939 habere
2181 2889 2378 2938 consue·
2479 2919 2546 2954 ⁴

347 2985 525 3025 uerunt
562 2985 782 3041 tempore
821 2978 950 3027 bone
989 2979 1225 3027 memorie
1256 2978 1532 3030 Alexandri
1567 2980 1718 3045 Regis
1758 2980 1929 3030 Scocie
1967 2981 2138 3030 vltimo
2162 2981 2376 3029 defuncti
2484 2995 2554 3060 ζ,

348 3067 479 3115 infra
500 3068 740 3130 petariam
764 3069 824 3117 de
844 3068 1073 3134 Ardlogy
1092 3085 1187 3133 que
1223 3070 1415 3122 adiacet
1447 3088 1598 3136 parco
1634 3071 1801 3120 nostro
1825 3072 2046 3136 predicto
2071 3080 2120 3120 et
2144 3070 2180 3118 fi
2203 3070 2378 3119 statum

348 3158 624 3207 habuerunt
649 3167 811 3208 vtrum
837 3177 896 3207 ex
915 3160 1028 3223 jure
1053 3168 1103 3209 et
1127 3161 1292 3210 debito
1317 3161 1396 3210 vel
1430 3179 1490 3211 ex
1524 3163 1695 3227 gracia
1730 3170 1778 3211 et
1805 3161 2094 3211 sufferencia
2115 3161 2377 3210 monacho-
