2554 3900
610 434 921 486 REGISTR
929 434 1033 484 UM
1067 434 1163 483 DE
1197 434 1748 487 ABERBROTHOC.
2095 445 2192 497 299

164 573 292 620 infra
314 568 707 617 vicecomitatum
731 567 1005 630 predi8cum
1030 566 1277 631 quousque
1300 568 1513 632 pecunia
1527 568 1612 617 fibi
1631 569 1797 618 debita
1810 570 2030 633 plenarie
2044 571 2191 621 fuerit

164 660 407 728 persoluta
440 686 450 697 ·
466 656 551 707 'Et
575 666 629 706 ut
651 657 851 722 presens
875 658 1148 706 conuencio
1170 665 1218 706 et
1241 659 1506 707 concordia
1538 659 1716 707 futuris
1752 659 2051 724 temporibus
2084 678 2192 725 per-

165 759 360 817 petuam
383 749 560 797 habeat
582 748 861 797 firmitatem
887 749 1085 812 presens
1111 747 1342 813 scriptum
1365 750 1416 798 in
1440 750 1638 798 modum
1663 751 1944 816 cirographi
1978 752 2047 800 est
2083 769 2195 801 con-

166 844 339 892 feaum
376 869 386 880 ·
426 839 578 889 Cuius
604 856 701 888 vna
723 856 837 903 pars
860 856 1011 903 penes
1036 839 1215 887 dictum
1241 840 1507 904 dompnum
1532 841 1758 890 comitem
1790 841 2005 890 residens
2041 841 2194 907 figillo

168 932 409 984 communi
443 931 644 996 capituli
681 931 924 979 di&orum
960 931 1147 980 abbatis
1184 938 1233 979 et
1268 938 1539 979 conuentus
1575 931 1644 979 est
1680 934 1868 997 {ignata
1903 961 1913 972 ·
1952 933 2016 981 Et
2041 933 2196 982 altera

167 1041 278 1091 pars
314 1039 572 1071 remanens
608 1039 759 1086 penes
797 1022 950 1070 dictos
989 1023 1213 1071 abbatem
1245 1030 1294 1071 et
1326 1030 1625 1072 conuentum
1661 1024 1818 1088 sigillo
1850 1024 1964 1072 dieti
1997 1025 2197 1089 dompni

169 1115 355 1166 comitis
397 1113 710 1179 consignatur
745 1141 755 1151 ·
791 1112 856 1163 Et
893 1114 1240 1162 nichilominus
1276 1113 1337 1161 de
1383 1120 1616 1178 precepto
1664 1114 1781 1162 dieti
1827 1115 2027 1179 dompni
2068 1115 2198 1181 regis

169 1205 372 1279 sigillum
412 1204 554 1270 regni
594 1205 793 1253 nomine
836 1204 1229 1253 confirmacionis
1272 1204 1464 1268 vtrique
1504 1204 1636 1268 parti
1677 1205 1747 1253 est
1787 1207 2051 1269 appensum
2087 1233 2097 1244 ·
2132 1206 2198 1255 Et

168 1282 319 1346 didus
343 1296 583 1360 dompnus
608 1312 770 1358 comes
793 1296 845 1344 in
876 1296 1093 1360 capitulo
1126 1295 1366 1344 di&orum
1400 1295 1738 1360 religiosorum
1772 1313 1863 1360 pro
1898 1296 1944 1345 se
1979 1304 2028 1346 et
2062 1297 2199 1346 here-

169 1388 308 1437 dibus
349 1386 442 1435 suis
481 1387 534 1435 in
579 1386 940 1436 fraternitatem
980 1386 1194 1450 ipsorum
1236 1385 1592 1450 Religiosorum
1635 1386 1946 1451 solempniter
1986 1387 2078 1437 fuit
2117 1389 2199 1437 ad-

168 1477 326 1528 miss'us
360 1505 370 1517 ·
406 1477 540 1527 Data
564 1487 613 1528 et
637 1481 744 1527 acta
768 1478 847 1527 die
871 1478 981 1527 loco
1007 1485 1056 1526 et
1080 1494 1209 1526 anno
1234 1477 1522 1542 supradiffis
1548 1504 1557 1513 ·

170 1721 376 1794 Littera
398 1743 566 1793 saifine
590 1744 741 1793 saline
766 1745 826 1792 de
850 1745 896 1793 le
923 1744 1047 1795 Cars
1073 1775 1083 1785 ·
1264 1792 1301 1824 ¹-

83 1916 133 1984 3]
174 1903 574 1977 Memorandum
616 1928 749 1991 quod
789 1927 869 1977 die
910 1928 1081 1976 martis
1123 1929 1352 1978 videlicet
1392 1929 1680 1978 duodecimo
1722 1929 1800 1978 die
1842 1930 2032 1994 Aprilis
2073 1946 2202 1979 anno

172 2016 326 2082 gratie
350 2017 601 2066 millesimo
626 2019 966 2068 trecentesimo
991 2020 1193 2084 septimo
1218 2021 1408 2070 decimo
1431 2021 1483 2069 in
1509 2020 1665 2070 castro
1690 2021 1751 2069 de
1790 2019 2040 2086 Striuelyn
2076 2037 2203 2070 com·

173 2107 332 2172 paruit
376 2106 410 2156 J
414 2108 630 2158 ohannes
676 2111 738 2158 de
788 2109 1025 2160 Striuelin
1070 2111 1198 2159 filius
1243 2119 1292 2161 et
1338 2112 1481 2160 heres
1529 2112 1775 2176 quondam
1820 2112 2096 2160 Alexandri
2142 2112 2203 2160 de

177 2196 434 2264 Streuelyn
458 2207 508 2249 et
530 2202 820 2267 recognouit
844 2202 891 2251 se
923 2203 1081 2251 teneri
1113 2203 1312 2251 domino
1337 2202 1594 2252 Bernardo
1618 2202 1716 2251 Dei
1750 2202 1911 2268 gratia
1945 2203 2108 2251 abbati
2143 2203 2204 2251 de

174 2289 514 2340 Aberbrothoc
537 2292 720 2340 ibidem
744 2294 957 2358 presenti
981 2301 1030 2342 et
1055 2294 1320 2342 conuentui
1350 2294 1562 2342 eiusdem
1596 2293 1693 2342 Ioci
1726 2300 1960 2357 tanquam
1995 2293 2204 2341 dominis

175 2378 266 2428 suis
289 2381 534 2431 cuiusdem
557 2383 708 2433 saline
743 2384 796 2432 in
819 2385 866 2433 le
894 2384 1018 2435 Cars
1043 2402 1155 2434 cum
1178 2384 1497 2451 pertinencijs
1521 2400 1667 2448 quam
1703 2384 1765 2431 de
1801 2383 1980 2432 eisdem
2013 2382 2203 2431 heredi-

175 2471 296 2521 tarie
330 2479 498 2523 tenere
534 2474 765 2524 clamauit
800 2476 853 2524 in
888 2477 1140 2542 arreragio
1178 2476 1402 2526 vndecim
1438 2491 1716 2524 marcarum
1749 2491 1840 2539 pro
1875 2491 2039 2523 annua
2064 2474 2204 2522 firma

176 2562 314 2612 vuius
337 2579 500 2614 marce
524 2566 719 2631 argenti
743 2566 922 2616 eisdem
946 2567 1203 2634 Religiofis
1227 2568 1288 2616 de
1313 2567 1445 2616 dieta
1473 2566 1625 2616 salina
1657 2566 1824 2615 debita
1856 2574 1956 2614 tam
1990 2566 2051 2612 de
2086 2572 2202 2612 tem·

176 2667 292 2717 pore
316 2654 398 2702 suo
423 2671 569 2720 quam
594 2657 655 2706 de
679 2657 840 2706 medio
866 2665 1085 2723 tempore
1109 2676 1139 2707 a
1162 2659 1241 2707 die
1267 2659 1427 2708 obitus
1448 2658 1603 2723 patris
1627 2658 1698 2705 sui
1716 2657 1832 2705 dum
1855 2655 1947 2705 fuit
1969 2656 2020 2704 in
2040 2656 2204 2704 warda

177 2758 264 2807 pro
287 2744 395 2809 alijs
419 2747 564 2795 terris
588 2748 684 2796 suis
709 2749 839 2797 vnde
864 2749 1020 2797 dictus
1053 2749 1279 2799 dominus
1314 2751 1461 2800 abbas
1497 2750 1560 2798 ad
1590 2748 1877 2797 instanciam
1910 2747 2202 2796 venerabilis

177 2834 327 2898 patris
349 2835 536 2886 domini
560 2838 802 2888 Willelmi
819 2839 919 2889 Dei
941 2841 1104 2907 gratia
1141 2839 1490 2890 Sanctiandree
1514 2839 1726 2905 episcopi
1749 2846 1798 2887 et
1815 2838 2027 2887 'aliorum
2050 2838 2201 2886 domi-

180 2940 354 2976 norum
378 2929 496 2978 dieti
518 2929 555 2979 J
557 2929 765 2979 ohannis
799 2931 1009 2997 gratiose
1043 2932 1228 2981 remifit
1263 2934 1422 2982 eidem
1457 2931 1622 2980 omnia
1653 2930 1707 2978 in
1737 2936 1784 2994 q'
1890 2946 1912 3001 s
1946 2929 2203 2977 tenebatur

183 3015 358 3067 eisdem
382 3019 529 3084 usque
553 3022 617 3071 ad
645 3023 775 3072 diem
802 3024 1122 3074 confestionis
1144 3023 1441 3089 presentium
1469 3038 1559 3087 pro
1583 3022 1664 3069 sex
1686 3036 1793 3068 mar
1843 3032 1866 3067 s
1888 3018 2083 3084 argenti
2116 3018 2204 3066 sol-

181 3109 350 3159 uendis
373 3110 554 3161 eisdem
591 3114 655 3162 ad
677 3115 915 3164 terminos
948 3116 1289 3181 penthecostes
1324 3123 1373 3165 et
1400 3114 1565 3165 Sanffi
1601 3111 1807 3162 Martini
1842 3111 2052 3159 eiusdem
2087 3111 2203 3158 anni

180 3214 268 3262 per
296 3201 492 3265 equales
525 3205 777 3268 portiones
812 3234 822 3244 ·
859 3206 925 3256 Et
950 3207 1138 3273 recepit
1174 3208 1252 3257 die
1287 3214 1336 3256 et
1363 3207 1472 3256 loco
1506 3203 1736 3270 predictis
1769 3202 2055 3251 fidelitatem
2088 3201 2205 3249 diai
