2554 3900
323 409 420 452 314
789 402 1211 454 REGISTRUM
1244 402 1340 452 DE
1377 401 1931 452 ABERBROTHOC.

323 553 402 584 me
444 535 681 583 fasturum
719 535 1016 584 solucionem
1053 535 1259 600 pecunie
1297 542 1563 583 memorate
1600 535 1685 582 sub
1724 552 1852 598 pena
1887 534 2063 599 viginti
2099 535 2360 583 solidorum

325 625 512 674 fabrice
539 626 833 674 cathedralis
859 625 1060 675 ecclefie
1085 625 1407 674 Moravienfis
1431 626 1838 690 applicandorum
1874 625 1906 672 fi
1929 640 1945 674 s
1969 627 2100 688 quod
2135 627 2254 675 abfit
2273 641 2289 674 s
2311 626 2362 674 in

326 716 574 764 solucione
599 716 725 763 diste
749 715 957 779 pecunie
981 715 1034 763 in
1059 722 1163 763 toto
1188 717 1268 763 vel
1303 716 1355 764 in
1391 724 1531 780 parte
1567 717 1793 765 defecero
1829 717 1912 764 seu
1947 716 2136 766 soluere
2173 724 2365 765 contra-

328 809 499 855 dixero
524 822 719 870 quoquo
745 807 889 853 modo
923 837 934 846 -
967 805 1029 853 In
1065 806 1203 869 cujus
1237 807 1311 854 rei
1346 806 1677 855 testimonium
1713 806 1921 871 sigillum
1957 824 2117 855 meum
2152 808 2366 871 presenti

329 897 506 960 scripto
532 895 602 943 est
625 895 890 960 appensum
915 912 1014 943 una
1038 911 1149 943 cum
1173 894 1329 959 figillo
1365 896 1552 944 domini
1577 896 1934 945 Archidiaconi
1973 898 2138 947 Sancti
2163 899 2367 946 Andree

332 988 395 1036 ad
417 986 705 1034 instanciam
729 1003 887 1033 meam
913 985 1131 1049 appofito
1156 986 1220 1034 ad
1243 987 1478 1050 majorem
1501 987 1618 1034 fidei
1653 987 1936 1037 firmitatem
1960 1015 1970 1026 ·
1996 989 2125 1038 Αᾶει
2159 990 2211 1038 in
2248 988 2368 1037 festo

336 1077 500 1127 Sanffi
524 1077 784 1140 Laurencij
812 1076 1034 1124 Martiris
1058 1103 1068 1114 ·
1094 1093 1224 1124 anno
1249 1077 1416 1140 gracie
1440 1077 1765 1142 suprascripto
1791 1106 1801 1116 ·

337 1323 548 1396 Citacio
571 1361 661 1409 pro
685 1344 906 1410 generali
930 1343 1145 1408 capitulo
1169 1342 1383 1391 tenendo
1409 1342 1541 1406 apud
1563 1340 1897 1406 Dunfermlyn
1922 1368 1931 1377 ·

154 1524 294 1590 [356]
338 1507 652 1578 Venerabili
691 1525 743 1572 in
789 1524 985 1574 Christo
1026 1524 1158 1588 patri
1205 1523 1403 1571 domino
1442 1522 1699 1571 Bernardo
1747 1523 1847 1572 Dei
1893 1525 2064 1590 gracia
2101 1527 2263 1575 abbati
2314 1528 2375 1575 de

339 1617 688 1668 Aberbrothoc
720 1643 730 1654 ·
761 1616 915 1664 frater
947 1615 1193 1663 Robertus
1230 1614 1443 1663 eiusdem
1483 1614 1793 1678 permistione
1832 1617 1981 1664 abbas
2014 1617 2074 1664 de
2107 1616 2373 1666 Dunferm-

337 1710 423 1774 lyn
450 1707 764 1757 conseruator
791 1706 994 1770 capituli
1028 1705 1272 1770 generalis
1308 1704 1659 1752 monachorum
1696 1705 1882 1753 ordinis
1921 1705 2089 1755 sanai
2121 1705 2376 1755 Benediffi

337 1799 389 1847 in
426 1814 580 1862 regno
622 1796 793 1845 Scocie
823 1822 833 1832 ·
862 1795 1151 1844 aufitoritate
1193 1795 1407 1843 eiusdem
1449 1795 1653 1860 capituli
1695 1795 1983 1845 constitutus
2024 1798 2089 1845 ad
2127 1797 2324 1862 presens
2363 1826 2372 1835 ·

337 1891 539 1939 salutem
562 1889 614 1936 in
640 1887 856 1935 omnium
884 1886 1140 1936 Saluatore
1176 1916 1186 1926 ·
1227 1886 1354 1935 Cum
1377 1887 1515 1935 iuxta
1541 1887 1723 1936 statuta
1745 1888 2087 1937 Lateranenfis
2113 1888 2299 1937 consilii
2323 1889 2375 1937 in

338 1981 534 2046 singulis
557 1980 722 2045 regnis
745 1980 827 2027 seu
851 1979 1121 2044 prouinciis
1145 1979 1377 2043 generale
1403 1978 1671 2043 capitulum
1694 1980 2050 2028 monachorum
2075 1982 2135 2028 de
2159 1981 2374 2028 triennio

337 2074 390 2121 in
414 2072 682 2122 triennium
705 2089 794 2135 per
826 2072 1026 2119 abbates
1061 2071 1248 2119 ordinis
1282 2070 1597 2134 solempniter
1635 2071 1811 2119 debeat
1853 2071 2095 2120 celebrari
2132 2089 2189 2120 ac
2212 2071 2376 2120 sancita

338 2164 514 2228 religio
560 2163 918 2211 reformacione
952 2161 1220 2227 plurimum
1267 2162 1488 2226 indigeat
1535 2161 1629 2208 hiis
1668 2161 1839 2210 diebus
1875 2189 1885 2199 ·
1924 2162 2213 2210 au&oritate
2262 2178 2377 2210 con-

339 2255 608 2303 seruatoria
641 2254 780 2302 uobis
813 2253 1170 2317 premuniendo
1208 2270 1265 2301 ac
1291 2252 1487 2301 citando
1522 2252 1811 2300 mandamus
1836 2253 2066 2316 quatinus
2092 2253 2269 2302 ceteris
2293 2269 2375 2300 ne-

339 2346 493 2411 gociis
517 2343 754 2410 permiffis
777 2344 1100 2408 personaliter
1135 2344 1366 2392 intersitis
1400 2343 1622 2407 generali
1658 2343 1872 2406 capitulo
1906 2360 1996 2407 per
2031 2343 2131 2391 Dei
2165 2343 2376 2407 gratiam

342 2437 636 2486 celebrando
660 2463 671 2474 ·
695 2436 826 2484 infra
848 2415 1196 2484 monasterium
1218 2434 1438 2482 nostrum
1463 2435 1523 2481 de
1558 2433 1895 2498 Dunfermlyn
1919 2461 1929 2472 ·
1956 2434 2182 2482 vicefimo
2216 2434 2376 2497 primo
2467 2438 2513 2512 ζ,
2545 2440 2549 2442 ’

342 2528 421 2577 die
452 2526 626 2575 menfis
664 2525 893 2576 Offlmbris
927 2526 1151 2589 proximo
1187 2525 1354 2573 futuro
1389 2542 1500 2572 cum
1536 2524 1914 2573 continuacione
1950 2525 2143 2572 dierum
2178 2524 2378 2588 sequen·
2471 2543 2513 2567 τ
2542 2533 2544 2548 ²

343 2619 473 2668 cium
496 2625 643 2682 prout
666 2623 785 2665 tunc
810 2616 1057 2664 videbitur
1082 2615 1312 2680 expedire
1339 2617 1356 2663 ε’
1381 2614 1698 2678 prouidentes
1725 2616 1857 2678 quod
1878 2615 2016 2663 iuxta
2039 2614 2219 2664 statuta
2251 2615 2377 2679 capi·
2475 2602 2486 2686 λ’

343 2710 434 2759 tuli
474 2725 598 2756 vnus
633 2707 713 2756 vel
754 2707 851 2755 duo
893 2706 954 2754 de
994 2712 1244 2755 conuentu
1282 2704 1439 2754 vestro
1481 2705 1610 2753 doffi
1648 2712 1697 2753 et
1736 2705 1789 2752 in
1825 2705 2157 2753 obseruanciis
2193 2705 2378 2753 ordinis
2470 2694 2497 2774 {j
2548 2703 2551 2725 ³

344 2801 454 2865 plus
489 2798 679 2863 experti
703 2826 713 2837 ·
750 2814 848 2846 una
882 2796 1130 2845 vobiscum
1162 2803 1456 2859 procurator
1489 2796 1572 2843 seu
1605 2802 1951 2860 procuratores
1987 2803 2269 2860 compareat
2301 2795 2379 2843 vel

348 2896 663 2954 compareant
696 2888 749 2936 in
785 2887 1000 2951 capitulo
1024 2886 1144 2935 ficut
1169 2886 1311 2935 decet
1335 2913 1346 2924 ·
1381 2885 1447 2934 Et
1473 2885 1569 2935 hoc
1603 2884 1724 2934 ficut
1757 2903 1936 2950 penam
1973 2893 2147 2934 contra
2180 2886 2378 2934 abbates
2543 2879 2548 2924 ἶ

349 2982 567 3045 αὺΐθηῖθε
590 2996 679 3044 per
705 2978 974 3043 capitulum
1009 2976 1237 3026 statutam
1269 2976 1522 3025 volueritis
1563 2977 1750 3025 euitare
1781 2977 2062 3026 nullatenus
2097 2977 2332 3026 omittatis
2366 3004 2376 3014 ·
2542 3023 2543 3033 2

350 3073 535 3121 Datum
561 3072 692 3135 apud
708 3069 1044 3134 Dunfermlyn
1063 3068 1254 3117 decimo
1279 3067 1480 3132 septimo
1504 3067 1584 3115 die
1607 3066 1782 3116 menfis
1805 3067 2105 3132 Septembris
2122 3067 2206 3116 sub
2224 3065 2378 3133 figillo
2469 3108 2514 3129 Δ
2542 3100 2544 3102 -

350 3162 515 3211 nostro
539 3161 727 3226 patenti
753 3177 881 3208 anno
904 3159 1071 3225 gracie
1095 3166 1174 3208 etc
1197 3185 1208 3196 ·
1234 3157 1460 3207 vicefimo
1485 3158 1618 3206 sexto
1642 3184 1653 3195 ·
2179 3177 2181 3179 >
