2554 3900
614 408 1037 460 REGISTRUM
1070 409 1167 459 DE
1203 409 1755 461 ABERBROTHOC.
2104 418 2196 461 281

175 543 373 610 capituli
414 542 565 591 nostri
611 542 914 606 presentibus
954 541 1159 590 fecimus
1201 542 1382 606 apponi
1420 569 1429 578 ·
1468 542 1654 591 Datum
1691 544 1820 607 apud
1858 543 2201 593 Aberbrothoc

174 636 250 685 die
284 633 512 683 mercurii
549 633 602 680 in
638 632 757 680 festo
794 632 1150 697 purificationis
1186 633 1329 682 beate
1368 633 1529 683 Marie
1557 634 1761 698 virginis
1786 662 1797 673 ·
1827 651 1956 682 anno
1991 636 2157 699 gracie
2190 663 2200 673 ·

172 724 415 778 ‹oillefimo
439 721 776 772 trecentesimo
802 723 1060 771 vndecimo
1086 751 1095 759 ·

171 975 441 1047 Affedatio
465 1000 708 1041 terrarum
733 992 814 1041 del
840 992 1034 1042 Boucht
1059 1022 1068 1032 ·

27 1197 136 1264 326]
170 1156 426 1230 Omnibus
452 1175 634 1226 Christi
665 1176 890 1225 fidelibus
922 1177 985 1224 ad
1017 1193 1225 1239 quorum
1261 1176 1494 1224 noticiam
1519 1177 1767 1241 presentes
1796 1178 1959 1227 littere
1987 1196 2193 1243 peruen-

168 1269 294 1318 erint
311 1297 322 1308 ·
341 1267 514 1316 Frater
533 1267 816 1315 Bernardus
840 1266 1147 1331 permistione
1172 1267 1343 1315 diuina
1366 1267 1514 1315 abbas
1539 1268 1600 1315 de
1620 1267 1966 1318 Aberbrothoc
1991 1271 2193 1320 salutem

167 1361 217 1408 in
248 1359 462 1408 Domino
495 1358 838 1422 sempiternam
872 1385 881 1395 ·
926 1358 1181 1407 Noueritis
1228 1374 1316 1406 nos
1356 1358 1557 1406 nomine
1597 1358 1764 1407 nost-ro
1800 1367 1848 1407 et
1886 1361 2042 1409 tocius
2080 1379 2192 1410 con-

166 1458 337 1499 uentus
376 1448 527 1498 nostri
569 1447 841 1498 coneeffiffe
883 1456 932 1497 et
978 1450 1039 1497 ad
1081 1449 1268 1497 firmam
1313 1448 1537 1498 dimififfe
1579 1450 1849 1498 venerabili
1894 1451 1947 1498 in
1996 1450 2191 1500 Christo

167 1541 294 1606 patri
312 1541 508 1590 domino
524 1539 691 1589 Dauid
707 1539 806 1588 Dei
833 1541 996 1604 gratia
1020 1540 1244 1605 episcopo
1270 1539 1569 1588 Morauienfi
1594 1547 1746 1589 totam
1772 1547 1953 1590 terram
1979 1542 2192 1592 nostram

165 1632 242 1681 del
265 1631 456 1681 Boucht
483 1632 623 1692 iuxta
656 1631 902 1697 Inuernys
938 1632 1084 1696 vsque
1120 1632 1182 1680 ad
1218 1632 1482 1679 terminum
1511 1632 1728 1695 quinque
1753 1649 1992 1680 annorum
2018 1651 2048 1681 a
2071 1634 2191 1682 festo

164 1723 493 1790 penthecostes
539 1723 655 1771 anni
713 1723 880 1788 gracie
937 1722 1180 1771 millesimi
1231 1722 1558 1772 trecentesimi
1606 1724 1852 1772 vndecimi
1900 1753 1910 1763 ·
1952 1725 2096 1788 plene
2144 1735 2192 1775 et

165 1816 388 1865 continue
425 1797 825 1880 complendorum
854 1832 945 1879 pro
969 1815 1186 1879 quinque
1215 1814 1393 1862 marcis
1425 1814 1617 1878 argenti
1643 1831 1762 1877 quas
1787 1814 1942 1862 dictus
1966 1816 2191 1864 dominus

165 1907 408 1972 episcopus
447 1907 498 1955 in
538 1924 720 1972 magna
754 1906 1033 1956 neceffitate
1074 1905 1241 1954 nostra
1279 1905 1477 1953 nomine
1514 1905 1654 1953 firme
1694 1922 1782 1968 pre
1825 1905 2047 1954 manibus
2083 1924 2190 1970 per-

163 1997 300 2048 soluit
339 2025 350 2036 ·
387 1998 730 2063 quamquidem
771 1999 1032 2063 pecuniam
1070 1999 1122 2046 in
1158 1997 1266 2045 vsus
1304 1996 1492 2044 nostros
1528 2004 1576 2045 et
1612 1996 1869 2045 vtilitatem
1909 1998 2189 2047 monasterii

163 2087 309 2140 nostri
347 2105 436 2153 per
471 2089 718 2153 presentes
754 2089 965 2137 fatemur
1000 2089 1091 2138 effe
1127 2089 1411 2138 conuersam
1449 2118 1459 2128 ·
1498 2088 1787 2137 Tenendam
1825 2097 1874 2137 et
1914 2089 2189 2139 habendam

163 2178 288 2227 dieto
323 2179 518 2227 domino
554 2179 779 2244 episcopo
816 2180 895 2228 vel
934 2180 1029 2228 suis
1070 2179 1316 2245 affignatis
1354 2179 1593 2244 legittime
1630 2179 1902 2228 constitutis
1939 2182 2084 2244 vsque
2126 2183 2189 2230 ad

163 2269 417 2318 terminum
453 2278 766 2335 prenotatum
812 2272 883 2320 ita
917 2272 1071 2320 libere
1113 2280 1161 2321 et
1202 2273 1366 2336 quiete
1402 2288 1511 2320 cum
1549 2271 1842 2320 omnimodis
1876 2271 2187 2336 ayfiamentis

162 2359 460 2410 libertatibus
486 2370 535 2411 et
570 2363 996 2412 commoditatibus
1031 2364 1095 2411 ad
1129 2365 1336 2412 eandem
1371 2372 1555 2412 terram
1589 2363 1916 2427 spe&antibus
1944 2372 2029 2413 aut
2060 2364 2188 2429 spec-

162 2458 263 2500 tare
302 2452 575 2502 valentibus
608 2453 730 2502 ficut
769 2471 859 2502 nos
900 2432 1077 2502 dietam
1116 2464 1299 2504 terram
1347 2462 1569 2503 tenemus
1613 2465 1663 2503 et
1708 2453 1998 2518 poffidemus
2044 2456 2187 2504 saluis

118 2574 124 2582 ·
161 2542 357 2600 decimis
396 2551 445 2592 et
485 2544 592 2592 aliis
633 2545 819 2593 iuribus
861 2545 1076 2595 (natricis
1117 2545 1316 2594 ecclefie
1357 2545 1521 2593 nostre
1559 2546 1620 2593 de
1659 2545 1904 2610 Inuernys
1940 2572 1951 2582 ·
1989 2545 2186 2594 Dietam

161 2639 316 2681 autem
355 2642 551 2704 terram?
573 2636 635 2683 de
675 2635 722 2684 le
764 2635 958 2684 Boucht
1003 2636 1224 2700 predicto
1271 2637 1470 2684 domino
1512 2637 1738 2700 episcopo
1785 2638 1932 2700 usque
1981 2637 2044 2684 ad
2092 2645 2185 2685 ter-

160 2722 339 2772 minum
375 2725 646 2788 predi&um
685 2734 858 2775 contra
892 2743 1060 2774 omnes
1099 2727 1322 2775 homines
1359 2736 1408 2776 et
1445 2726 1651 2774 feminas
1690 2726 2101 2775 varantizabimus
2136 2735 2185 2775 et

160 2812 470 2864 defendemus
495 2844 505 2854 ·
537 2815 671 2864 Dum
697 2823 859 2865 tamen
884 2817 1026 2880 super
1052 2817 1144 2865 hoc
1168 2817 1277 2865 loco
1303 2825 1351 2865 et
1375 2825 1595 2880 tempore
1621 2816 1916 2881 competenti
1944 2816 2184 2881 legittime

159 2902 386 2954 fuerimus
408 2906 674 2970 premuniti
698 2936 709 2946 ·
735 2907 795 2955 In
821 2908 957 2956 cuius
981 2909 1054 2957 rei
1078 2908 1406 2957 testimonium
1431 2915 1508 2956 etc
1533 2935 1543 2949 ο
