2554 3900
405 439 500 481 284
847 434 1267 485 REGISTRUM
1300 436 1397 484 DE
1434 436 1985 487 ABERBROTHOC.

402 566 608 613 liberam
644 565 999 630 dispositionem
1037 567 1224 616 abbatis
1259 575 1307 615 et
1342 577 1612 617 conuentus
1648 569 1858 617 eiusdem
1889 569 2042 617 libere
2066 570 2270 618 redeant
2293 573 2428 621 nulla

403 657 597 720 penitus
622 657 1006 705 contradifflone
1042 658 1261 706 obstante
1297 659 1429 722 quod
1462 659 1591 707 idem
1627 660 1853 706 dominus
1888 659 2138 723 episcopus
2169 661 2300 709 bona
2332 663 2427 712 side

402 746 619 811 promisit
641 747 989 796 inuiolabiliter
1008 749 1267 796 obseruare
1292 777 1302 787 ·
1328 748 1393 796 Et
1419 749 1666 798 sciendum
1691 751 1823 814 quod
1841 749 1875 796 si
1895 751 2023 799 dicte
2043 752 2230 800 decime
2249 752 2428 802 stantes

401 840 452 886 in
493 856 608 888 area
644 840 852 887 durante
894 845 1160 902 autumpno
1201 855 1289 902 per
1325 856 1554 903 guerram
1589 857 1894 888 communem
1930 842 1982 889 in
2014 849 2202 890 tantum
2245 844 2427 893 destru-

401 937 546 978 antur
586 930 718 993 quod
757 927 876 977 absit
923 929 1054 991 quod
1100 929 1163 976 ad
1211 928 1385 995 viginti
1432 930 1647 992 quinque
1692 947 1883 979 marcas
1930 932 1976 979 se
2024 934 2287 981 extendere
2328 951 2427 983 non

399 1027 629 1083 poterunt
663 1019 748 1066 illo
785 1035 914 1066 anno
950 1018 1105 1066 di&us
1141 1019 1288 1067 abbas
1330 1020 1390 1067 ad
1429 1019 1751 1082 supplendum
1792 1021 2174 1085 diminucionem
2211 1025 2427 1087 predisste

396 1112 574 1159 summe
610 1111 856 1159 tenebitur
891 1138 900 1147 ·
939 1109 1087 1167 Quod
1121 1110 1155 1157 fi
1191 1109 1316 1158 diae
1352 1109 1541 1158 decime
1575 1109 1683 1173 post
1719 1117 2039 1174 autumpnum
2069 1129 2130 1161 ex
2155 1130 2251 1177 quo
2277 1132 2306 1162 a
2329 1114 2426 1163 solo

395 1203 577 1250 fuerint
600 1202 817 1266 separate
846 1209 895 1250 et
929 1202 981 1248 in
1015 1201 1205 1248 horreis
1239 1200 1492 1248 recondite
1528 1199 1607 1247 vel
1641 1200 1830 1247 aceruis
1857 1203 1874 1248 ἐ
1910 1217 1999 1264 per
2033 1219 2262 1266 guerram
2299 1222 2426 1252 com-

394 1310 588 1341 munem
616 1293 693 1340 vel
727 1293 875 1340 alium
912 1291 1070 1340 casum
1109 1292 1241 1354 quod
1275 1290 1396 1338 absit
1430 1290 1674 1339 destructe
1710 1291 1895 1339 fuerint
1921 1295 1937 1339 τ’
1964 1293 2238 1356 periculum
2267 1295 2448 1361 huius-⁸

392 1383 526 1431 modi
549 1384 612 1431 ad
634 1383 788 1447 ipsum
813 1383 1063 1430 dominum
1089 1381 1367 1446 episcopum
1390 1380 1658 1445 pertinebit
1683 1380 1784 1428 -Ἰ11
1815 1382 1952 1430 cuius
1988 1383 2061 1430 rei
2097 1384 2423 1434 testimonium

393 1482 441 1522 et
466 1474 649 1522 sincere
673 1474 787 1522 fidei
810 1474 1093 1522 firmitatem
1117 1473 1356 1521 dictorum
1381 1471 1691 1519 dominorum
1716 1472 1929 1536 episcopi
1962 1481 2010 1521 et
2046 1475 2233 1523 abbatis
2270 1477 2425 1541 sigilla

388 1565 690 1628 presentibus
713 1565 764 1612 in
788 1565 987 1612 modum
1023 1563 1320 1630 cyrographi
1356 1563 1589 1612 confectis
1623 1571 1789 1612 mutuo
1823 1563 1933 1613 sunt
1966 1564 2179 1630 appensa
2203 1594 2212 1603 ·
2237 1567 2421 1617 Datum
2479 1547 2529 1625 '25⁵³

389 1656 518 1719 apud
545 1654 713 1720 Croyn
739 1655 816 1703 die
842 1662 890 1704 et
914 1673 1043 1703 anno
1068 1654 1352 1720 supradietis
1378 1682 1386 1691 ·

387 1907 660 1977 Affedatio
685 1933 928 1974 terrarum
953 1927 1013 1973 de
1040 1925 1208 1991 Turry
1234 1953 1243 1962 ·

203 2094 340 2160 [330]
387 2088 645 2160 Omnibus
683 2108 864 2158 Christi
898 2108 1123 2156 fidelibus
1159 2108 1222 2155 ad
1256 2125 1377 2171 quos
1400 2109 1648 2171 presentes
1672 2109 1835 2157 littere
1860 2110 2179 2173 peruenerint
2204 2139 2213 2150 ·
2240 2111 2414 2160 Frater
2463 2083 2554 2164 J<

384 2201 665 2249 Bernardus
700 2199 1007 2264 permissione
1033 2199 1204 2247 diuina
1227 2199 1376 2247 abbas
1401 2200 1462 2247 de
1488 2199 1834 2248 Aberbrothoc
1869 2208 1917 2248 et
1942 2201 2155 2253 eiusdem
2180 2201 2277 2250 loci
2302 2220 2412 2250 con·
2463 2215 2514 2271 J
2542 2195 2544 2214 ⁵

383 2302 560 2341 uentus
608 2292 804 2340 humilis
846 2292 1047 2343 salutem
1088 2291 1141 2338 in
1181 2291 1394 2338 Domino
1442 2291 1787 2355 sempiternam
1822 2318 1831 2327 ·
1874 2289 2177 2340 Sciantnos
2214 2295 2413 2357 pensata
2464 2290 2541 2362 ,

383 2383 627 2431 communi
674 2382 885 2430 utilitate
937 2382 1102 2450 nostra
1150 2389 1198 2429 et
1244 2382 1527 2430 monasterii
1585 2383 1736 2431 nostri
1785 2401 1845 2431 ex
1905 2385 2124 2431 vnanimi
2183 2385 2411 2434 consensu
2466 2363 2548 2449 ‚

343 2482 355 2493 ²
383 2474 585 2538 capituli
609 2473 762 2521 nostri
788 2471 1057 2520 concessisse
1083 2472 1371 2520 Alexandro
1396 2471 1570 2521 Fraser
1601 2473 1701 2521 filio
1727 2473 1973 2536 quondam
1999 2474 2184 2522 domini
2209 2476 2410 2524 Andree
2464 2452 2540 2486 Η

389 2565 562 2613 Fraser
586 2564 753 2612 militis
776 2580 866 2627 pro
888 2563 1022 2611 fideli
1046 2562 1244 2611 consilio
1268 2564 1448 2611 auxilio
1484 2565 1567 2612 suo
1594 2572 1641 2612 et
1664 2564 1834 2612 labore
1859 2566 1999 2613 nobis
2035 2572 2082 2613 et
2116 2566 2410 2614 monasterio
2459 2568 2462 2610 Ξ
2502 2593 2546 2622 ,

377 2658 541 2705 nostro
576 2656 791 2719 impenso
828 2662 876 2702 et
910 2655 962 2702 in
997 2655 1243 2719 posterum
1279 2655 1610 2720 impendendo
1646 2663 1695 2703 et
1729 2672 1819 2719 pro
1850 2656 1957 2704 iure
1983 2657 2115 2720 quod
2138 2656 2308 2704 habuit
2334 2657 2409 2705 vel
2503 2634 2549 2726 5'5¹

377 2748 557 2796 habere
580 2746 762 2810 poterit
786 2746 848 2793 ad
872 2745 1151 2809 pensionem
1176 2746 1327 2794 annui
1362 2747 1584 2794 redditus
1620 2747 1680 2794 de
1717 2746 1972 2799 Coneueth
2010 2746 2096 2795 fibi
2120 2748 2294 2795 faustam
2321 2765 2408 2811 per

320 2814 324 2819 ι
380 2839 631 2886 dominum
676 2837 954 2885 Johannem
1004 2838 1187 2885 dudum
1235 2838 1460 2885 abbatem
1508 2838 1568 2885 de
1618 2838 1966 2887 Aberbrothoc
2014 2847 2062 2887 et
2110 2847 2406 2887 conuentum
2471 2841 2540 2862 ⁹

381 2929 592 2977 eiusdem
614 2928 711 2975 loci
735 2935 886 2976 totam
912 2935 1093 2975 terram
1119 2927 1333 2976 nostram
1362 2929 1423 2976 de
1450 2928 1616 2994 Turry
1643 2946 1753 2977 cum
1790 2929 1882 2977 suis
1917 2930 2054 2977 iustis
2089 2929 2404 2993 pertinenciis
2457 2917 2537 2983 J,

381 3028 430 3068 et
464 3019 689 3067 oneribus
725 3026 827 3067 toto
862 3026 1081 3082 tempore
1119 3019 1217 3067 vite
1253 3018 1334 3067 sue
1371 3018 1489 3067 sicut
1522 3019 1882 3083 predecessores
1916 3021 2068 3068 nostri
2105 3028 2154 3068 et·
2184 3028 2404 3068 tenentes
2524 3044 2526 3046 ·

382 3111 508 3157 dicte
543 3117 673 3158 terre
708 3109 858 3173 ipsam
893 3118 1076 3157 terram
1123 3127 1233 3157 cum
1279 3109 1373 3157 suis
1418 3109 1728 3159 libertatibus
1775 3119 2039 3160 tenuerunt
2068 3111 2301 3175 ¹exceptis
2347 3127 2403 3159 ac
2453 3091 2554 3155 “f

382 3193 525 3248 saluis
549 3200 688 3247 nobis
712 3200 912 3248 decimis
937 3199 1137 3248 ecclesie
1173 3199 1337 3248 nostre
1373 3202 1433 3249 de
1471 3201 1591 3266 Nyg
1627 3210 1675 3250 et
1709 3202 1835 3251 statu
1872 3201 2084 3251 eiusdem
2120 3201 2317 3250 ecclesie
2351 3201 2400 3248 in
2454 3173 2515 3227 ''⁵³³“
