2554 3900
340 405 435 449 324
733 369 745 433 Ϊ
783 402 1208 452 REGISTRUM
1242 401 1338 451 DE
1375 361 1936 454 ABERBROTHOOJ

342 542 390 582 et
425 551 593 582 eorum
631 534 894 583 heredibus
941 535 1019 583 vel
1056 533 1302 600 affignatis
1342 534 1442 583 fine
1484 535 1650 599 aliqua
1695 536 1897 585 licentia
1941 538 2157 600 petenda
2201 554 2372 586 namos

342 625 551 674 Abbatis
605 632 658 674 ‘et
702 625 955 673 hominum
1001 626 1197 674 suorum
1248 641 1339 690 pro
1395 626 1566 674 eodem
1623 643 1799 691 capere
1855 626 2021 675 debito
2076 644 2176 676 non
2217 628 2375 692 reple·

341 717 546 780 giandos
585 717 733 780 usque
770 716 950 763 eisdem
987 717 1048 764 de
1085 716 1316 780 prediffis
1352 715 1539 764 duabus
1577 716 1755 765 marcis
1795 717 2017 780 plenarie
2058 717 2207 767 fuerit
2247 718 2377 766 satis-

343 808 522 856 faaefitum
569 837 579 846 -
628 807 864 855 Preterea
910 807 1026 855 diai
1073 807 1245 855 Abbas
1291 813 1340 854 et
1386 810 1656 855 conventus
1689 798 1894 871 ¹quietos
1942 808 2279 858 clamaverunt
2323 809 2376 856 in

340 905 631 963 perpetuum
678 913 769 960 pro
816 897 863 945 se
922 904 970 944 et
1023 895 1366 945 successoribus
1418 895 1515 944 suis
1567 896 1707 966 diffls
1758 897 1906 946 Petro
1959 906 2008 947 et
2061 899 2275 949 Cristine
2329 907 2377 948 et

341 989 603 1037 heredibus
640 987 735 1035 suis
774 987 950 1051 viginti
985 987 1163 1035 solidos
1199 992 1387 1036 annuos
1424 1004 1546 1051 quos
1580 985 1815 1052 petebant
1852 990 1914 1038 de
1955 996 2088 1038 terra
2116 991 2178 1039 de
2216 989 2377 1055 Scryn

341 1081 393 1128 in
418 1079 561 1127 feodo
587 1061 828 1127 di&orum
853 1078 991 1127 Petri
1023 1085 1072 1127 et
1099 1078 1346 1142 Christine
1371 1085 1420 1127 et
1443 1078 1682 1127 heredum
1716 1079 1911 1131 suorum
1935 1107 1946 1117 ·
1971 1079 2056 1128 Ad
2089 1080 2182 1129 hec
2217 1088 2380 1129 autem

344 1171 508 1219 omnia
529 1170 650 1219 ficut
678 1169 899 1234 superius
931 1176 1104 1218 notata
1135 1171 1246 1218 sunt
1278 1154 1492 1218 fideliter
1527 1169 1830 1218 observanda
1854 1169 2024 1219 Abbas
2061 1188 2171 1219 cum
2209 1171 2382 1219 Priore

341 1279 431 1326 pro
471 1262 520 1310 se
562 1269 611 1310 et
652 1262 820 1310 eorum
863 1268 1110 1310 conventu
1150 1261 1361 1325 prediffi¹
1401 1277 1495 1324 que
1536 1260 1714 1308 Petrus
1764 1268 1813 1309 et
1862 1260 2079 1310 Cristina
2119 1265 2209 1326 pro
2250 1262 2298 1310 se
2334 1270 2382 1311 et

343 1370 512 1402 eorum
548 1353 810 1401 heredibus
844 1352 898 1400 in
929 1369 1078 1400 manu
1116 1351 1167 1400 A
1201 1379 1212 1390 ·
1247 1351 1585 1400 archidiaconi
1622 1351 1966 1400 Brechinenfis
2002 1353 2099 1401 fide
2136 1353 2300 1401 media
2335 1353 2381 1401 se

344 1445 686 1509 obligaverunt
732 1444 1071 1492 renunciando
1114 1443 1247 1494 omni
1294 1442 1574 1506 exceptioni
1622 1442 1922 1506 competenti
1970 1451 2019 1491 et
2061 1444 2383 1507 competiture

344 1535 679 1600 impetrationi
714 1552 743 1583 a
774 1534 885 1582 sede
921 1534 1188 1598 apostolica
1222 1540 1271 1582 et
1304 1533 1445 1598 regia
1478 1533 1716 1597 potestate
1751 1533 1975 1582 faciende
2001 1551 2095 1598 que
2130 1535 2182 1582 in
2217 1535 2381 1599 aliquo

342 1628 488 1675 modo
521 1626 699 1675 dietam
736 1625 1113 1674 conventionem
1149 1625 1652 1689 poterintinfirmare
1698 1633 1753 1674 ut
1801 1625 1966 1673 omnia
2003 1625 2227 1690 prediSta
2260 1625 2382 1674 ficut

343 1719 473 1766 bona
505 1717 601 1764 fide
638 1715 949 1765 concorditer
978 1719 1085 1764 acta
1127 1716 1236 1764 sunt
1271 1733 1333 1764 ex
1367 1722 1575 1779 utraque
1616 1722 1756 1780 parte
1791 1716 1933 1764 firma
1973 1723 2022 1764 et
2054 1716 2246 1765 stabilia
2274 1733 2383 1781 per-

344 1809 566 1857 severent
601 1834 626 1869 χ
653 1807 719 1855 Et
752 1807 1002 1856 sciendum
1038 1807 1172 1871 quod
1207 1808 1418 1870 quedam
1457 1809 1646 1857 terrula
1695 1825 1790 1872 que
1831 1809 2104 1857 habebatur
2137 1825 2228 1872 pro
2262 1808 2384 1857 locis

345 1899 630 1962 quibusdam
681 1915 771 1962 pro
829 1898 1040 1946 termino
1086 1898 1415 1969 prediGtorum
1470 1898 1686 1948 Abbatis‘
1728 1908 1777 1949 et
1824 1907 2092 1949 conventus
2138 1917 2199 1948 ex
2244 1908 2384 1964 parte

346 2007 445 2038 una
491 1997 539 2038 et
586 1989 827 2037 dictorum
875 1988 1013 2037 Petri
1060 1986 1130 2041 et¹
1158 1988 1371 2038 Cristine
1419 1998 1468 2038 et
1515 2007 1691 2039 eorum·
1741 1990 1978 2039 heredum
2026 2008 2088 2039 ex
2135 1982 2292 2040 altera
2337 1998 2386 2039 et

347 2081 592 2144 quoddam
639 2080 898 2129 vascellum
933 2080 1255 2144 'relinquetur
1301 2097 1392 2145 pro
1440 2082 1686 2130 communi
1730 2081 1930 2149 pastura
1980 2082 2110 2130 inter
2157 2081 2385 2148 utrasque

346 2173 482 2220 nullo
522 2172 721 2220 homine
762 2171 1014 2235 utriusque
1053 2171 1208 2236 partis
1253 2172 1370 2220 inde
1416 2174 1594 2222 bruere
1636 2173 1801 2237 aliquo
1842 2181 2062 2236 tempore
2105 2172 2386 2221 eradicante

347 2265 427 2313 vel
467 2246 746 2327 asportante
782 2292 792 2302 ·
830 2263 957 2311 Item
998 2263 1248 2316 sciendum
1289 2265 1421 2327 quod
1460 2264 1523 2312 he
1564 2265 1674 2313 sunt
1721 2262 1872 2313 divise
1919 2264 2054 2312 inter.
2097 2263 2290 2311 Tulach
2339 2271 2387 2311 et

348 2356 629 2404 Pannemor
665 2384 674 2394 -
714 2355 924 2418 quedam
964 2353 1116 2403 strata
1157 2372 1251 2418 que
1286 2356 1420 2419 jacet
1461 2355 1591 2403 inter
1639 2355 1851 2420 Kynard
1893 2362 1942 2404 et
1990 2354 2184 2403 Tulach
2232 2362 2281 2403 et
2322 2354 2387 2402 fic
2420 2338 2437 2381 s

349 2447 688 2496 descendendo
730 2446 794 2493 ad
834 2446 1078 2509 quoddam
1106 2446 1302 2494 ‘vadum
1343 2447 1476 2510 quod
1516 2447 1697 2495 dicitur
1738 2447 1969 2513 Athroby
2006 2476 2016 2486 ·
2055 2446 2412 2512 Contingente-

350 2555 468 2587 vero
510 2539 642 2602 quod
683 2537 849 2601 aliqua
887 2537 1101 2601 partium
1143 2555 1172 2586 a
1211 2536 1442 2601 prediffis
1484 2537 1648 2600 aliquo
1690 2544 1909 2602 tempore
1952 2538 2163 2586 voluerit
2201 2529 2388 2586 resilire

351 2631 507 2679 altera
542 2646 656 2694 pars
695 2628 916 2693 predifflaa
948 2627 1160 2676 fideliter
1195 2628 1455 2676 observans
1495 2628 1542 2675 ei
1582 2628 1863 2677 nullatenus
1903 2609 2215 2710 respondebit
2256 2636 2389 2676 ante-

352 2737 496 2785 quam
527 2720 757 2767 refundat
782 2725 979 2780 centum
1002 2718 1153 2766 libras
1176 2717 1407 2782 legalium
1434 2705 1778 2784 steilingorum
1803 2721 2001 2769 nomine
2026 2737 2152 2785 pene
2176 2713 2389 2768 'adiectas
2483 2708 2554 2784 2

320 2850 324 2854 ,
353 2813 435 2859 de
457 2810 688 2859 consensu
726 2809 991 2872 utriusque
1010 2809 1165 2872 partis
1210 2808 1341 2872 parti
1380 2810 1602 2874 predicta
1638 2811 1849 2859 fideliter
1890 2812 2168 2860 observanti
2203 2839 2213 2848 ·
2248 2811 2314 2859 Et
2337 2819 2390 2859 ut
2552 2794 2554 2822 ³

355 2902 520 2950 omnia
554 2901 832 2965 supradifflt
867 2883 1020 2948 robur
1055 2894 1300 2972 firmitatis
1339 2899 1392 2947 in
1434 2908 1742 2964 perpetuum*
1763 2903 2019 2958 obtineant
2059 2903 2173 2950 huic
2214 2902 2390 2966 scripto
2481 2874 2532 2958 i

356 2993 406 3039 in
444 2974 647 3039 modum,
677 2971 974 3055 cyrographi
1010 2989 1230 3038 confefito
1269 2989 1487 3054 appofita
1523 2992 1633 3039 sunt
1671 2986 1828 3056 figilla
1863 2987 2078 3057 partium
2116 2992 2390 3041 adinvicem
2483 2975 2528 3055 ἲς

358 3100 456 3131 una
496 3099 607 3130 cum
648 3067 802 3150 figulo
844 3081 959 3128 diei
1001 3080 1188 3129 domini
1227 3081 1500 3130 Justiciarii
1541 3109 1551 3118 ·
1595 3082 1823 3145 'restibus
1866 3084 1984 3141 viris
2032 3084 2391 3132 venerabilibus

358 3173 713 3238 prenominatis
754 3171 993 3236 Magistro
1030 3171 1274 3220 Nicholao
1311 3173 1372 3221 de
1409 3172 1590 3221 Hedon
1615 3175 1802 3224 decano
1834 3175 2131 3225 Moravienfi
2162 3203 2170 3211 ·
2196 3175 2391 3223 domino
2475 3159 2533 3218 (ἶ,
