<?xml version="1.0" encoding="UTF-8"?>
<!DOCTYPE html PUBLIC "-//W3C//DTD XHTML 1.0 Transitional//EN"
    "http://www.w3.org/TR/xhtml1/DTD/xhtml1-transitional.dtd">
<html xmlns="http://www.w3.org/1999/xhtml" xml:lang="en" lang="en">
 <head>
  <title>
</title>
<meta http-equiv="Content-Type" content="text/html;charset=utf-8" />
  <meta name='ocr-system' content='tesseract 3.04.00' />
  <meta name='ocr-capabilities' content='ocr_page ocr_carea ocr_par ocr_line ocrx_word'/>
</head>
<body>
  <div class='ocr_page' id='page_1' title='image "./libersthomedea0186arbruoft_0391.png"; bbox 0 0 2554 3900; ppageno 0'>
   <div class='ocr_carea' id='block_1_1' title="bbox 667 421 2234 493">
    <p class='ocr_par' dir='ltr' id='par_1_1' title="bbox 667 421 2234 493">
     <span class='ocr_line' id='line_1_1' title="bbox 667 421 2234 493; baseline 0.015 -23"><span class='ocrx_word' id='word_1_1' title='bbox 667 421 1090 472; x_wconf 82' lang='lat' dir='ltr'>REGISTRUM</span> <span class='ocrx_word' id='word_1_2' title='bbox 1123 424 1219 474; x_wconf 90' lang='lat' dir='ltr'>DE</span> <span class='ocrx_word' id='word_1_3' title='bbox 1255 427 1802 484; x_wconf 89' lang='lat' dir='ltr'><strong>ABERBROTHOC.</strong></span> <span class='ocrx_word' id='word_1_4' title='bbox 2148 450 2202 492; x_wconf 74' lang='lat'>:31</span> <span class='ocrx_word' id='word_1_5' title='bbox 2220 451 2234 493; x_wconf 94' lang='lat' dir='ltr'>l</span> 
     </span>
    </p>
   </div>
   <div class='ocr_carea' id='block_1_2' title="bbox 179 550 2284 1985">
    <p class='ocr_par' dir='ltr' id='par_1_2' title="bbox 179 550 2284 1985">
     <span class='ocr_line' id='line_1_2' title="bbox 222 550 2238 631; baseline 0.01 -31"><span class='ocrx_word' id='word_1_6' title='bbox 222 569 328 601; x_wconf 91' lang='lat' dir='ltr'>rum</span> <span class='ocrx_word' id='word_1_7' title='bbox 354 559 402 600; x_wconf 89' lang='lat' dir='ltr'>et</span> <span class='ocrx_word' id='word_1_8' title='bbox 426 550 546 600; x_wconf 85' lang='lat' dir='ltr'>ficut</span> <span class='ocrx_word' id='word_1_9' title='bbox 570 552 697 600; x_wconf 61' lang='lat' dir='ltr'>dicte</span> <span class='ocrx_word' id='word_1_10' title='bbox 723 553 874 603; x_wconf 67' lang='lat' dir='ltr'>divise</span> <span class='ocrx_word' id='word_1_11' title='bbox 893 553 1021 616; x_wconf 88' lang='lat' dir='ltr'>juste</span> <span class='ocrx_word' id='word_1_12' title='bbox 1046 564 1095 603; x_wconf 88' lang='lat' dir='ltr'>et</span> <span class='ocrx_word' id='word_1_13' title='bbox 1119 557 1381 607; x_wconf 87' lang='lat' dir='ltr'>secundum</span> <span class='ocrx_word' id='word_1_14' title='bbox 1415 560 1598 610; x_wconf 84' lang='lat' dir='ltr'>affisam</span> <span class='ocrx_word' id='word_1_15' title='bbox 1627 573 1757 613; x_wconf 85' lang='lat' dir='ltr'>terre</span> <span class='ocrx_word' id='word_1_16' title='bbox 1782 569 2033 631; x_wconf 84' lang='lat' dir='ltr'>recognite</span> <span class='ocrx_word' id='word_1_17' title='bbox 2059 570 2238 623; x_wconf 82' lang='lat' dir='ltr'>fuerint</span> 
     </span>
     <span class='ocr_line' id='line_1_3' title="bbox 218 645 2238 721; baseline 0.007 -27"><span class='ocrx_word' id='word_1_18' title='bbox 218 662 383 694; x_wconf 88' lang='lat' dir='ltr'>coram</span> <span class='ocrx_word' id='word_1_19' title='bbox 418 645 554 693; x_wconf 88' lang='lat' dir='ltr'>vobis</span> <span class='ocrx_word' id='word_1_20' title='bbox 589 645 661 694; x_wconf 86' lang='lat' dir='ltr'>ita</span> <span class='ocrx_word' id='word_1_21' title='bbox 694 662 777 694; x_wconf 84' lang='lat' dir='ltr'>eas</span> <span class='ocrx_word' id='word_1_22' title='bbox 816 647 877 694; x_wconf 83' lang='lat' dir='ltr'>de</span> <span class='ocrx_word' id='word_1_23' title='bbox 920 655 1085 695; x_wconf 89' lang='lat' dir='ltr'>cetero</span> <span class='ocrx_word' id='word_1_24' title='bbox 1120 650 1325 716; x_wconf 79' lang='lat' dir='ltr'>firmiter</span> <span class='ocrx_word' id='word_1_25' title='bbox 1360 651 1549 699; x_wconf 85' lang='lat' dir='ltr'>faciatis</span> <span class='ocrx_word' id='word_1_26' title='bbox 1574 654 1820 703; x_wconf 87' lang='lat' dir='ltr'>obseruari</span> <span class='ocrx_word' id='word_1_27' title='bbox 1845 657 1976 705; x_wconf 86' lang='lat' dir='ltr'>saluo</span> <span class='ocrx_word' id='word_1_28' title='bbox 1994 659 2105 721; x_wconf 91' lang='lat' dir='ltr'>jure</span> <span class='ocrx_word' id='word_1_29' title='bbox 2129 663 2238 710; x_wconf 85' lang='lat' dir='ltr'>bur-</span> 
     </span>
     <span class='ocr_line' id='line_1_4' title="bbox 179 734 2238 808; baseline 0.008 -25"><span class='ocrx_word' id='word_1_30' title='bbox 179 734 181 736; x_wconf 69' lang='grc'><strong>’</strong></span> <span class='ocrx_word' id='word_1_31' title='bbox 214 734 431 801; x_wconf 87' lang='lat' dir='ltr'>genfium</span> <span class='ocrx_word' id='word_1_32' title='bbox 471 735 747 784; x_wconf 89' lang='lat' dir='ltr'>nostrorum</span> <span class='ocrx_word' id='word_1_33' title='bbox 784 737 1118 800; x_wconf 65' lang='lat' dir='ltr'>predictorum</span> <span class='ocrx_word' id='word_1_34' title='bbox 1158 739 1190 787; x_wconf 85' lang='lat' dir='ltr'><strong>fi</strong></span> <span class='ocrx_word' id='word_1_35' title='bbox 1229 743 1360 804; x_wconf 91' lang='lat' dir='ltr'>quod</span> <span class='ocrx_word' id='word_1_36' title='bbox 1397 744 1706 808; x_wconf 84' lang='lat' dir='ltr'>recognitum</span> <span class='ocrx_word' id='word_1_37' title='bbox 1744 746 1891 795; x_wconf 86' lang='lat' dir='ltr'>fuerit</span> <span class='ocrx_word' id='word_1_38' title='bbox 1916 766 2079 798; x_wconf 90' lang='lat' dir='ltr'>coram</span> <span class='ocrx_word' id='word_1_39' title='bbox 2108 754 2238 801; x_wconf 83' lang='lat' dir='ltr'>vobis</span> 
     </span>
     <span class='ocr_line' id='line_1_5' title="bbox 212 825 2235 905; baseline 0.007 -29"><span class='ocrx_word' id='word_1_40' title='bbox 212 844 300 892; x_wconf 89' lang='lat' dir='ltr'>per</span> <span class='ocrx_word' id='word_1_41' title='bbox 325 826 502 875; x_wconf 60' lang='lat' dir='ltr'>dictam</span> <span class='ocrx_word' id='word_1_42' title='bbox 526 825 709 874; x_wconf 87' lang='lat' dir='ltr'>affisam</span> <span class='ocrx_word' id='word_1_43' title='bbox 734 853 744 863; x_wconf 92' lang='lat'><strong>·</strong></span> <span class='ocrx_word' id='word_1_44' title='bbox 781 826 931 876; x_wconf 87' lang='lat' dir='ltr'>Teste</span> <span class='ocrx_word' id='word_1_45' title='bbox 972 830 1154 894; x_wconf 88' lang='lat' dir='ltr'>meipso</span> <span class='ocrx_word' id='word_1_46' title='bbox 1196 834 1327 895; x_wconf 90' lang='lat' dir='ltr'>apud</span> <span class='ocrx_word' id='word_1_47' title='bbox 1351 833 1696 883; x_wconf 89' lang='lat' dir='ltr'>Aberbrothoc</span> <span class='ocrx_word' id='word_1_48' title='bbox 1733 837 1887 885; x_wconf 87' lang='lat' dir='ltr'>tercio</span> <span class='ocrx_word' id='word_1_49' title='bbox 1923 839 2002 887; x_wconf 89' lang='lat' dir='ltr'>die</span> <span class='ocrx_word' id='word_1_50' title='bbox 2028 841 2235 905; x_wconf 83' lang='lat' dir='ltr'>Augusti</span> 
     </span>
     <span class='ocr_line' id='line_1_6' title="bbox 211 917 2235 994; baseline 0.006 -28"><span class='ocrx_word' id='word_1_51' title='bbox 211 934 340 966; x_wconf 89' lang='lat' dir='ltr'>anno</span> <span class='ocrx_word' id='word_1_52' title='bbox 364 917 525 981; x_wconf 83' lang='lat' dir='ltr'>Regni</span> <span class='ocrx_word' id='word_1_53' title='bbox 554 917 705 965; x_wconf 89' lang='lat' dir='ltr'>nostri</span> <span class='ocrx_word' id='word_1_54' title='bbox 736 918 963 966; x_wconf 77' lang='lat' dir='ltr'>vicesimo</span> <span class='ocrx_word' id='word_1_55' title='bbox 990 949 999 958; x_wconf 92' lang='lat'>-</span> <span class='ocrx_word' id='word_1_56' title='bbox 1041 920 1194 970; x_wconf 82' lang='lat' dir='ltr'>Cuius</span> <span class='ocrx_word' id='word_1_57' title='bbox 1231 922 1395 970; x_wconf 84' lang='lat' dir='ltr'>breuis</span> <span class='ocrx_word' id='word_1_58' title='bbox 1433 925 1656 972; x_wconf 83' lang='lat' dir='ltr'>executio</span> <span class='ocrx_word' id='word_1_59' title='bbox 1681 925 1791 974; x_wconf 85' lang='lat' dir='ltr'>talis</span> <span class='ocrx_word' id='word_1_60' title='bbox 1816 927 1885 974; x_wconf 88' lang='lat' dir='ltr'>est</span> <span class='ocrx_word' id='word_1_61' title='bbox 1908 954 1917 965; x_wconf 86' lang='lat'><strong>·</strong></span> <span class='ocrx_word' id='word_1_62' title='bbox 1945 929 2235 994; x_wconf 85' lang='lat' dir='ltr'>Recognitio</span> 
     </span>
     <span class='ocr_line' id='line_1_7' title="bbox 209 1008 2234 1077; baseline 0.006 -21"><span class='ocrx_word' id='word_1_63' title='bbox 209 1008 335 1057; x_wconf 61' lang='lat' dir='ltr'>fasta</span> <span class='ocrx_word' id='word_1_64' title='bbox 351 1009 483 1072; x_wconf 85' lang='lat' dir='ltr'>apud</span> <span class='ocrx_word' id='word_1_65' title='bbox 499 1025 704 1072; x_wconf 87' lang='lat' dir='ltr'>parcum</span> <span class='ocrx_word' id='word_1_66' title='bbox 722 1010 783 1057; x_wconf 90' lang='lat' dir='ltr'>de</span> <span class='ocrx_word' id='word_1_67' title='bbox 803 1009 1011 1075; x_wconf 88' lang='lat' dir='ltr'>Fyvyne</span> <span class='ocrx_word' id='word_1_68' title='bbox 1036 1011 1116 1059; x_wconf 88' lang='lat' dir='ltr'>dic</span> <span class='ocrx_word' id='word_1_69' title='bbox 1141 1013 1256 1061; x_wconf 90' lang='lat' dir='ltr'>lune</span> <span class='ocrx_word' id='word_1_70' title='bbox 1279 1013 1502 1076; x_wconf 84' lang='lat' dir='ltr'>proxima</span> <span class='ocrx_word' id='word_1_71' title='bbox 1525 1013 1630 1077; x_wconf 93' lang='lat' dir='ltr'>post</span> <span class='ocrx_word' id='word_1_72' title='bbox 1653 1015 1826 1063; x_wconf 89' lang='lat' dir='ltr'>festum</span> <span class='ocrx_word' id='word_1_73' title='bbox 1848 1016 2012 1066; x_wconf 68' lang='lat' dir='ltr'>Sanffi</span> <span class='ocrx_word' id='word_1_74' title='bbox 2032 1019 2234 1069; x_wconf 85' lang='lat' dir='ltr'>Bartho—</span> 
     </span>
     <span class='ocr_line' id='line_1_8' title="bbox 207 1098 2234 1174; baseline 0.006 -28"><span class='ocrx_word' id='word_1_75' title='bbox 207 1098 353 1146; x_wconf 88' lang='lat' dir='ltr'>lomei</span> <span class='ocrx_word' id='word_1_76' title='bbox 378 1098 605 1161; x_wconf 85' lang='lat' dir='ltr'>Apostoli</span> <span class='ocrx_word' id='word_1_77' title='bbox 641 1115 770 1146; x_wconf 88' lang='lat' dir='ltr'>anno</span> <span class='ocrx_word' id='word_1_78' title='bbox 806 1100 974 1164; x_wconf 84' lang='lat' dir='ltr'>gracie</span> <span class='ocrx_word' id='word_1_79' title='bbox 1010 1101 1263 1149; x_wconf 83' lang='lat' dir='ltr'>millefimo</span> <span class='ocrx_word' id='word_1_80' title='bbox 1287 1103 1625 1152; x_wconf 76' lang='lat' dir='ltr'>trecentesimo</span> <span class='ocrx_word' id='word_1_81' title='bbox 1650 1106 1874 1154; x_wconf 76' lang='lat' dir='ltr'>vicesimo</span> <span class='ocrx_word' id='word_1_82' title='bbox 1899 1109 2070 1170; x_wconf 87' lang='lat' dir='ltr'>quinto</span> <span class='ocrx_word' id='word_1_83' title='bbox 2094 1112 2234 1174; x_wconf 85' lang='lat' dir='ltr'>super</span> 
     </span>
     <span class='ocr_line' id='line_1_9' title="bbox 206 1187 2232 1255; baseline 0.005 -18"><span class='ocrx_word' id='word_1_84' title='bbox 206 1187 366 1237; x_wconf 73' lang='lat' dir='ltr'>diuisis</span> <span class='ocrx_word' id='word_1_85' title='bbox 390 1197 520 1238; x_wconf 87' lang='lat' dir='ltr'>terre</span> <span class='ocrx_word' id='word_1_86' title='bbox 546 1190 606 1237; x_wconf 91' lang='lat' dir='ltr'>de</span> <span class='ocrx_word' id='word_1_87' title='bbox 631 1189 859 1255; x_wconf 83' lang='lat' dir='ltr'>Ardlogy</span> <span class='ocrx_word' id='word_1_88' title='bbox 884 1208 979 1254; x_wconf 91' lang='lat' dir='ltr'>que</span> <span class='ocrx_word' id='word_1_89' title='bbox 1004 1191 1073 1239; x_wconf 89' lang='lat' dir='ltr'>est</span> <span class='ocrx_word' id='word_1_90' title='bbox 1097 1193 1285 1240; x_wconf 85' lang='lat' dir='ltr'>abbatis</span> <span class='ocrx_word' id='word_1_91' title='bbox 1311 1201 1359 1242; x_wconf 89' lang='lat' dir='ltr'>et</span> <span class='ocrx_word' id='word_1_92' title='bbox 1391 1203 1661 1243; x_wconf 83' lang='lat' dir='ltr'>conuentus</span> <span class='ocrx_word' id='word_1_93' title='bbox 1696 1196 1757 1243; x_wconf 90' lang='lat' dir='ltr'>de</span> <span class='ocrx_word' id='word_1_94' title='bbox 1794 1197 2138 1247; x_wconf 86' lang='lat' dir='ltr'>Aberbrothoc</span> <span class='ocrx_word' id='word_1_95' title='bbox 2175 1218 2232 1247; x_wconf 80' lang='lat' dir='ltr'>ex</span> 
     </span>
     <span class='ocr_line' id='line_1_10' title="bbox 204 1282 2284 1352; baseline 0.003 -24"><span class='ocrx_word' id='word_1_96' title='bbox 204 1287 343 1344; x_wconf 87' lang='lat' dir='ltr'>parte</span> <span class='ocrx_word' id='word_1_97' title='bbox 382 1297 478 1328; x_wconf 88' lang='lat' dir='ltr'>vna</span> <span class='ocrx_word' id='word_1_98' title='bbox 515 1288 563 1328; x_wconf 88' lang='lat' dir='ltr'>et</span> <span class='ocrx_word' id='word_1_99' title='bbox 600 1296 804 1343; x_wconf 89' lang='lat' dir='ltr'>parcum</span> <span class='ocrx_word' id='word_1_100' title='bbox 842 1282 902 1330; x_wconf 90' lang='lat' dir='ltr'>de</span> <span class='ocrx_word' id='word_1_101' title='bbox 940 1282 1147 1347; x_wconf 88' lang='lat' dir='ltr'>Fyvyne</span> <span class='ocrx_word' id='word_1_102' title='bbox 1185 1300 1279 1347; x_wconf 88' lang='lat' dir='ltr'>que</span> <span class='ocrx_word' id='word_1_103' title='bbox 1315 1282 1384 1331; x_wconf 87' lang='lat' dir='ltr'>est</span> <span class='ocrx_word' id='word_1_104' title='bbox 1417 1284 1602 1331; x_wconf 89' lang='lat' dir='ltr'>domini</span> <span class='ocrx_word' id='word_1_105' title='bbox 1638 1285 1789 1332; x_wconf 89' lang='lat' dir='ltr'>nostri</span> <span class='ocrx_word' id='word_1_106' title='bbox 1826 1286 1975 1351; x_wconf 84' lang='lat' dir='ltr'>Regis</span> <span class='ocrx_word' id='word_1_107' title='bbox 2011 1305 2070 1335; x_wconf 80' lang='lat' dir='ltr'>ex</span> <span class='ocrx_word' id='word_1_108' title='bbox 2095 1298 2232 1352; x_wconf 86' lang='lat' dir='ltr'>parte</span> <span class='ocrx_word' id='word_1_109' title='bbox 2275 1326 2284 1334; x_wconf 92' lang='lat'><strong>.</strong></span> 
     </span>
     <span class='ocr_line' id='line_1_11' title="bbox 204 1370 2233 1438; baseline 0.004 -20"><span class='ocrx_word' id='word_1_110' title='bbox 204 1370 358 1419; x_wconf 87' lang='lat' dir='ltr'>altera</span> <span class='ocrx_word' id='word_1_111' title='bbox 397 1371 449 1418; x_wconf 92' lang='lat' dir='ltr'>in</span> <span class='ocrx_word' id='word_1_112' title='bbox 490 1371 742 1435; x_wconf 85' lang='lat' dir='ltr'>presencia</span> <span class='ocrx_word' id='word_1_113' title='bbox 780 1373 1135 1422; x_wconf 84' lang='lat' dir='ltr'>venerabilium</span> <span class='ocrx_word' id='word_1_114' title='bbox 1173 1382 1367 1438; x_wconf 87' lang='lat' dir='ltr'>patrum</span> <span class='ocrx_word' id='word_1_115' title='bbox 1409 1374 1718 1422; x_wconf 89' lang='lat' dir='ltr'>dominorum</span> <span class='ocrx_word' id='word_1_116' title='bbox 1758 1376 1986 1423; x_wconf 82' lang='lat' dir='ltr'>abbatum</span> <span class='ocrx_word' id='word_1_117' title='bbox 2027 1378 2087 1425; x_wconf 89' lang='lat' dir='ltr'>de</span> <span class='ocrx_word' id='word_1_118' title='bbox 2129 1379 2233 1427; x_wconf 91' lang='lat' dir='ltr'>Kil-</span> 
     </span>
     <span class='ocr_line' id='line_1_12' title="bbox 203 1462 2232 1527; baseline 0.003 -18"><span class='ocrx_word' id='word_1_119' title='bbox 203 1479 371 1527; x_wconf 87' lang='lat' dir='ltr'>vynyn</span> <span class='ocrx_word' id='word_1_120' title='bbox 395 1470 443 1510; x_wconf 89' lang='lat' dir='ltr'>et</span> <span class='ocrx_word' id='word_1_121' title='bbox 468 1463 529 1510; x_wconf 89' lang='lat' dir='ltr'>de</span> <span class='ocrx_word' id='word_1_122' title='bbox 554 1462 697 1527; x_wconf 93' lang='lat' dir='ltr'>Deyr</span> <span class='ocrx_word' id='word_1_123' title='bbox 720 1464 897 1512; x_wconf 85' lang='lat' dir='ltr'>nobilis</span> <span class='ocrx_word' id='word_1_124' title='bbox 923 1465 1017 1512; x_wconf 90' lang='lat' dir='ltr'>viri</span> <span class='ocrx_word' id='word_1_125' title='bbox 1044 1466 1231 1513; x_wconf 89' lang='lat' dir='ltr'>domini</span> <span class='ocrx_word' id='word_1_126' title='bbox 1259 1464 1293 1512; x_wconf 84' lang='lat' dir='ltr'>J</span> <span class='ocrx_word' id='word_1_127' title='bbox 1296 1465 1436 1513; x_wconf 90' lang='lat' dir='ltr'>acobi</span> <span class='ocrx_word' id='word_1_128' title='bbox 1472 1465 1532 1512; x_wconf 91' lang='lat' dir='ltr'>de</span> <span class='ocrx_word' id='word_1_129' title='bbox 1573 1464 1823 1514; x_wconf 86' lang='lat' dir='ltr'>Garuiach</span> <span class='ocrx_word' id='word_1_130' title='bbox 1858 1466 2025 1515; x_wconf 82' lang='lat' dir='ltr'>militis</span> <span class='ocrx_word' id='word_1_131' title='bbox 2061 1468 2232 1516; x_wconf 87' lang='lat' dir='ltr'>discre—</span> 
     </span>
     <span class='ocr_line' id='line_1_13' title="bbox 202 1553 2232 1620; baseline 0.002 -20"><span class='ocrx_word' id='word_1_132' title='bbox 202 1560 362 1601; x_wconf 87' lang='lat' dir='ltr'>torum</span> <span class='ocrx_word' id='word_1_133' title='bbox 404 1553 619 1601; x_wconf 90' lang='lat' dir='ltr'>virorum</span> <span class='ocrx_word' id='word_1_134' title='bbox 661 1554 1007 1619; x_wconf 85' lang='lat' dir='ltr'>magistrorum</span> <span class='ocrx_word' id='word_1_135' title='bbox 1048 1555 1199 1604; x_wconf 89' lang='lat' dir='ltr'>Valdi</span> <span class='ocrx_word' id='word_1_136' title='bbox 1251 1555 1397 1620; x_wconf 90' lang='lat' dir='ltr'>Story</span> <span class='ocrx_word' id='word_1_137' title='bbox 1441 1555 1659 1604; x_wconf 89' lang='lat' dir='ltr'>officialis</span> <span class='ocrx_word' id='word_1_138' title='bbox 1701 1557 1835 1604; x_wconf 89' lang='lat' dir='ltr'>curie</span> <span class='ocrx_word' id='word_1_139' title='bbox 1881 1556 2232 1606; x_wconf 80' lang='lat' dir='ltr'>Abirdonensis</span> 
     </span>
     <span class='ocr_line' id='line_1_14' title="bbox 203 1643 2230 1709; baseline 0.003 -17"><span class='ocrx_word' id='word_1_140' title='bbox 203 1643 464 1709; x_wconf 81' lang='lat' dir='ltr'>Reginaldi</span> <span class='ocrx_word' id='word_1_141' title='bbox 505 1643 712 1693; x_wconf 82' lang='lat' dir='ltr'>Coneris</span> <span class='ocrx_word' id='word_1_142' title='bbox 751 1644 957 1693; x_wconf 90' lang='lat' dir='ltr'>Andree</span> <span class='ocrx_word' id='word_1_143' title='bbox 1000 1647 1061 1694; x_wconf 90' lang='grc'>(16</span> <span class='ocrx_word' id='word_1_144' title='bbox 1106 1646 1359 1696; x_wconf 86' lang='lat' dir='ltr'>Garuiach</span> <span class='ocrx_word' id='word_1_145' title='bbox 1398 1646 1746 1695; x_wconf 88' lang='lat' dir='ltr'>canonicorum</span> <span class='ocrx_word' id='word_1_146' title='bbox 1783 1646 1995 1695; x_wconf 91' lang='lat' dir='ltr'>eiusdem</span> <span class='ocrx_word' id='word_1_147' title='bbox 2033 1650 2230 1698; x_wconf 73' lang='lat' dir='ltr'>ecclesie</span> 
     </span>
     <span class='ocr_line' id='line_1_15' title="bbox 202 1735 2229 1804; baseline 0.001 -21"><span class='ocrx_word' id='word_1_148' title='bbox 202 1735 555 1784; x_wconf 84' lang='lat' dir='ltr'>Abirdonenfis</span> <span class='ocrx_word' id='word_1_149' title='bbox 590 1736 811 1801; x_wconf 85' lang='lat' dir='ltr'>magistri</span> <span class='ocrx_word' id='word_1_150' title='bbox 842 1737 1049 1786; x_wconf 91' lang='lat' dir='ltr'>Andree</span> <span class='ocrx_word' id='word_1_151' title='bbox 1088 1737 1337 1803; x_wconf 85' lang='lat' dir='ltr'>Gallsych’</span> <span class='ocrx_word' id='word_1_152' title='bbox 1370 1736 1594 1785; x_wconf 69' lang='lat' dir='ltr'>Reaoris</span> <span class='ocrx_word' id='word_1_153' title='bbox 1630 1737 1830 1785; x_wconf 90' lang='lat' dir='ltr'>ecclefie</span> <span class='ocrx_word' id='word_1_154' title='bbox 1865 1739 1926 1785; x_wconf 93' lang='grc'>(16</span> <span class='ocrx_word' id='word_1_155' title='bbox 1966 1736 2140 1804; x_wconf 86' lang='lat' dir='ltr'>Slanys</span> <span class='ocrx_word' id='word_1_156' title='bbox 2175 1758 2229 1788; x_wconf 81' lang='lat' dir='ltr'>ac</span> 
     </span>
     <span class='ocr_line' id='line_1_16' title="bbox 199 1826 2228 1894; baseline 0.002 -20"><span class='ocrx_word' id='word_1_157' title='bbox 199 1826 463 1875; x_wconf 82' lang='lat' dir='ltr'>multorum</span> <span class='ocrx_word' id='word_1_158' title='bbox 487 1826 695 1875; x_wconf 90' lang='lat' dir='ltr'>aliorum</span> <span class='ocrx_word' id='word_1_159' title='bbox 719 1828 957 1876; x_wconf 89' lang='lat' dir='ltr'>nobilium</span> <span class='ocrx_word' id='word_1_160' title='bbox 982 1829 1164 1878; x_wconf 89' lang='lat' dir='ltr'>ibidem</span> <span class='ocrx_word' id='word_1_161' title='bbox 1188 1827 1504 1877; x_wconf 89' lang='lat' dir='ltr'>existencium</span> <span class='ocrx_word' id='word_1_162' title='bbox 1527 1844 1615 1890; x_wconf 90' lang='lat' dir='ltr'>per</span> <span class='ocrx_word' id='word_1_163' title='bbox 1639 1827 1761 1875; x_wconf 81' lang='lat' dir='ltr'>tales</span> <span class='ocrx_word' id='word_1_164' title='bbox 1786 1828 1976 1891; x_wconf 84' lang='lat' dir='ltr'>juratos</span> <span class='ocrx_word' id='word_1_165' title='bbox 2000 1829 2228 1894; x_wconf 86' lang='lat' dir='ltr'>subscrip-</span> 
     </span>
     <span class='ocr_line' id='line_1_17' title="bbox 199 1917 2227 1985; baseline 0.002 -19"><span class='ocrx_word' id='word_1_166' title='bbox 199 1925 273 1966; x_wconf 86' lang='lat' dir='ltr'>tos</span> <span class='ocrx_word' id='word_1_167' title='bbox 308 1917 538 1965; x_wconf 87' lang='lat' dir='ltr'>videlicet</span> <span class='ocrx_word' id='word_1_168' title='bbox 583 1917 866 1982; x_wconf 90' lang='lat' dir='ltr'>Philippum</span> <span class='ocrx_word' id='word_1_169' title='bbox 914 1920 975 1967; x_wconf 97' lang='grc'>(16</span> <span class='ocrx_word' id='word_1_170' title='bbox 1023 1919 1270 1968; x_wconf 90' lang='lat' dir='ltr'>Meldrum</span> <span class='ocrx_word' id='word_1_171' title='bbox 1319 1918 1647 1983; x_wconf 86' lang='lat' dir='ltr'>Reginaldum</span> <span class='ocrx_word' id='word_1_172' title='bbox 1687 1918 1837 1966; x_wconf 88' lang='lat' dir='ltr'>filium</span> <span class='ocrx_word' id='word_1_173' title='bbox 1887 1919 2037 1967; x_wconf 90' lang='lat' dir='ltr'>Alani</span> <span class='ocrx_word' id='word_1_174' title='bbox 2084 1921 2227 1985; x_wconf 89' lang='lat' dir='ltr'>Regi-</span> 
     </span>
    </p>
   </div>
   <div class='ocr_carea' id='block_1_3' title="bbox 43 2007 2225 2167">
    <p class='ocr_par' dir='ltr' id='par_1_3' title="bbox 43 1979 2225 2167">
     <span class='ocr_line' id='line_1_18' title="bbox 43 2007 2225 2086; baseline 0.002 -30"><span class='ocrx_word' id='word_1_175' title='bbox 43 2031 48 2086; x_wconf 39' lang='lat'>3</span> <span class='ocrx_word' id='word_1_176' title='bbox 199 2008 397 2057; x_wconf 87' lang='lat' dir='ltr'>naldum</span> <span class='ocrx_word' id='word_1_177' title='bbox 422 2009 482 2056; x_wconf 87' lang='lat' dir='ltr'>de</span> <span class='ocrx_word' id='word_1_178' title='bbox 507 2007 742 2057; x_wconf 85' lang='lat' dir='ltr'>Vthauch</span> <span class='ocrx_word' id='word_1_179' title='bbox 767 2009 932 2059; x_wconf 88' lang='lat' dir='ltr'>Adam</span> <span class='ocrx_word' id='word_1_180' title='bbox 961 2011 1116 2058; x_wconf 91' lang='lat' dir='ltr'>filium</span> <span class='ocrx_word' id='word_1_181' title='bbox 1141 2011 1324 2059; x_wconf 84' lang='lat' dir='ltr'>Adami</span> <span class='ocrx_word' id='word_1_182' title='bbox 1348 2010 1382 2059; x_wconf 87' lang='lat' dir='ltr'><strong>J</strong></span> <span class='ocrx_word' id='word_1_183' title='bbox 1385 2011 1590 2059; x_wconf 91' lang='lat' dir='ltr'>acobum</span> <span class='ocrx_word' id='word_1_184' title='bbox 1625 2010 1685 2058; x_wconf 90' lang='lat' dir='ltr'>de</span> <span class='ocrx_word' id='word_1_185' title='bbox 1712 2009 2037 2075; x_wconf 88' lang='lat' dir='ltr'>Culletnachy</span> <span class='ocrx_word' id='word_1_186' title='bbox 2064 2011 2225 2060; x_wconf 88' lang='lat' dir='ltr'>Adam</span> 
     </span>
     <span class='ocr_line' id='line_1_19' title="bbox 94 2098 2223 2167; baseline 0.001 -20"><span class='ocrx_word' id='word_1_187' title='bbox 94 2120 96 2122; x_wconf 61' lang='grc'>’</span> <span class='ocrx_word' id='word_1_188' title='bbox 198 2098 373 2147; x_wconf 89' lang='lat' dir='ltr'>Turim</span> <span class='ocrx_word' id='word_1_189' title='bbox 416 2098 683 2164; x_wconf 85' lang='lat' dir='ltr'>Hugonem</span> <span class='ocrx_word' id='word_1_190' title='bbox 731 2101 791 2148; x_wconf 91' lang='lat' dir='ltr'>de</span> <span class='ocrx_word' id='word_1_191' title='bbox 833 2101 1083 2167; x_wconf 86' lang='lat' dir='ltr'>Lethindy</span> <span class='ocrx_word' id='word_1_192' title='bbox 1125 2101 1455 2167; x_wconf 85' lang='lat' dir='ltr'>Reginaldum</span> <span class='ocrx_word' id='word_1_193' title='bbox 1500 2099 1652 2147; x_wconf 90' lang='lat' dir='ltr'>filium</span> <span class='ocrx_word' id='word_1_194' title='bbox 1695 2098 1845 2147; x_wconf 90' lang='lat' dir='ltr'>Valdi</span> <span class='ocrx_word' id='word_1_195' title='bbox 1891 2099 2223 2149; x_wconf 84' lang='lat' dir='ltr'>Ferchardum</span> 
     </span>
    </p>
   </div>
   <div class='ocr_carea' id='block_1_4' title="bbox 194 2189 2223 2438">
    <p class='ocr_par' dir='ltr' id='par_1_4' title="bbox 194 2189 2223 2438">
     <span class='ocr_line' id='line_1_20' title="bbox 194 2189 2223 2255; baseline 0 -18"><span class='ocrx_word' id='word_1_196' title='bbox 194 2189 347 2238; x_wconf 90' lang='lat' dir='ltr'>filium</span> <span class='ocrx_word' id='word_1_197' title='bbox 369 2189 601 2238; x_wconf 87' lang='lat' dir='ltr'>Durdani</span> <span class='ocrx_word' id='word_1_198' title='bbox 625 2190 882 2240; x_wconf 91' lang='lat' dir='ltr'>Matheum</span> <span class='ocrx_word' id='word_1_199' title='bbox 907 2191 1097 2240; x_wconf 85' lang='lat' dir='ltr'>Parker</span> <span class='ocrx_word' id='word_1_200' title='bbox 1121 2192 1156 2241; x_wconf 85' lang='lat' dir='ltr'>J</span> <span class='ocrx_word' id='word_1_201' title='bbox 1158 2193 1364 2241; x_wconf 91' lang='lat' dir='ltr'>acobum</span> <span class='ocrx_word' id='word_1_202' title='bbox 1389 2191 1526 2239; x_wconf 87' lang='lat' dir='ltr'>Rede</span> <span class='ocrx_word' id='word_1_203' title='bbox 1551 2190 1801 2254; x_wconf 86' lang='lat' dir='ltr'>Rogerum</span> <span class='ocrx_word' id='word_1_204' title='bbox 1824 2191 1976 2238; x_wconf 90' lang='lat' dir='ltr'>filium</span> <span class='ocrx_word' id='word_1_205' title='bbox 1998 2190 2223 2255; x_wconf 87' lang='lat' dir='ltr'>Hugonis</span> 
     </span>
     <span class='ocr_line' id='line_1_21' title="bbox 198 2279 2223 2345; baseline 0 -17"><span class='ocrx_word' id='word_1_206' title='bbox 198 2279 438 2329; x_wconf 89' lang='lat' dir='ltr'>Thomam</span> <span class='ocrx_word' id='word_1_207' title='bbox 463 2290 835 2345; x_wconf 88' lang='lat' dir='ltr'>procuratorem</span> <span class='ocrx_word' id='word_1_208' title='bbox 860 2282 1166 2332; x_wconf 89' lang='lat' dir='ltr'>Willelmum</span> <span class='ocrx_word' id='word_1_209' title='bbox 1189 2283 1345 2331; x_wconf 91' lang='lat' dir='ltr'>filium</span> <span class='ocrx_word' id='word_1_210' title='bbox 1369 2281 1521 2330; x_wconf 91' lang='lat' dir='ltr'>Alani</span> <span class='ocrx_word' id='word_1_211' title='bbox 1555 2281 1805 2345; x_wconf 84' lang='lat' dir='ltr'>Rogerum</span> <span class='ocrx_word' id='word_1_212' title='bbox 1841 2281 2006 2344; x_wconf 85' lang='lat' dir='ltr'>magni</span> <span class='ocrx_word' id='word_1_213' title='bbox 2039 2281 2073 2329; x_wconf 88' lang='lat' dir='ltr'>J</span> <span class='ocrx_word' id='word_1_214' title='bbox 2078 2281 2223 2329; x_wconf 87' lang='lat' dir='ltr'>ohan-</span> 
     </span>
     <span class='ocr_line' id='line_1_22' title="bbox 195 2370 2221 2438; baseline 0 -20"><span class='ocrx_word' id='word_1_215' title='bbox 195 2387 305 2419; x_wconf 87' lang='lat' dir='ltr'>nem</span> <span class='ocrx_word' id='word_1_216' title='bbox 346 2371 500 2419; x_wconf 91' lang='lat' dir='ltr'>filium</span> <span class='ocrx_word' id='word_1_217' title='bbox 542 2371 804 2420; x_wconf 84' lang='lat' dir='ltr'>Michaelis</span> <span class='ocrx_word' id='word_1_218' title='bbox 846 2373 1152 2422; x_wconf 89' lang='lat' dir='ltr'>Willelmum</span> <span class='ocrx_word' id='word_1_219' title='bbox 1195 2372 1421 2438; x_wconf 84' lang='lat' dir='ltr'>Mykillis</span> <span class='ocrx_word' id='word_1_220' title='bbox 1445 2371 1779 2420; x_wconf 84' lang='lat' dir='ltr'>Ferchardum</span> <span class='ocrx_word' id='word_1_221' title='bbox 1815 2370 1967 2418; x_wconf 89' lang='lat' dir='ltr'>filium</span> <span class='ocrx_word' id='word_1_222' title='bbox 1992 2370 2221 2419; x_wconf 88' lang='lat' dir='ltr'>Duncani</span> 
     </span>
    </p>
   </div>
   <div class='ocr_carea' id='block_1_5' title="bbox 45 2443 2220 2528">
    <p class='ocr_par' dir='ltr' id='par_1_5' title="bbox 45 2433 2220 2528">
     <span class='ocr_line' id='line_1_23' title="bbox 45 2443 2220 2528; baseline 0 -19"><span class='ocrx_word' id='word_1_223' title='bbox 45 2443 46 2446; x_wconf 7' lang='grc' dir='ltr'><strong>Ἰ</strong></span> <span class='ocrx_word' id='word_1_224' title='bbox 194 2461 448 2510; x_wconf 88' lang='lat' dir='ltr'>Andream</span> <span class='ocrx_word' id='word_1_225' title='bbox 472 2462 627 2510; x_wconf 88' lang='lat' dir='ltr'>filium</span> <span class='ocrx_word' id='word_1_226' title='bbox 651 2462 846 2512; x_wconf 84' lang='lat' dir='ltr'>Valteri</span> <span class='ocrx_word' id='word_1_227' title='bbox 873 2463 1174 2513; x_wconf 87' lang='lat' dir='ltr'>Duncanum</span> <span class='ocrx_word' id='word_1_228' title='bbox 1207 2464 1362 2520; x_wconf 80' lang='lat' dir='ltr'>filium</span> <span class='ocrx_word' id='word_1_229' title='bbox 1398 2462 1590 2528; x_wconf 90' lang='lat' dir='ltr'>Tyokis</span> <span class='ocrx_word' id='word_1_230' title='bbox 1624 2462 1904 2511; x_wconf 88' lang='lat' dir='ltr'>Johannem</span> <span class='ocrx_word' id='word_1_231' title='bbox 1939 2461 2137 2509; x_wconf 92' lang='lat' dir='ltr'>Deroch</span> <span class='ocrx_word' id='word_1_232' title='bbox 2174 2472 2220 2510; x_wconf 85' lang='lat' dir='ltr'>et</span> 
     </span>
    </p>
   </div>
   <div class='ocr_carea' id='block_1_6' title="bbox 21 2299 42 3020">
    <p class='ocr_par' dir='ltr' id='par_1_6' title="bbox 21 2299 42 3020">
     <span class='ocr_line' id='line_1_24' title="bbox 21 2299 42 3020; baseline 0 0"><span class='ocrx_word' id='word_1_233' title='bbox 21 2299 42 3020; x_wconf 95' lang='lat' dir='ltr'> </span> 
     </span>
    </p>
   </div>
   <div class='ocr_carea' id='block_1_7' title="bbox 193 2551 2218 2888">
    <p class='ocr_par' dir='ltr' id='par_1_7' title="bbox 193 2551 2218 2888">
     <span class='ocr_line' id='line_1_25' title="bbox 194 2551 2218 2618; baseline -0 -18"><span class='ocrx_word' id='word_1_234' title='bbox 194 2551 409 2600; x_wconf 84' lang='lat' dir='ltr'>Valdum</span> <span class='ocrx_word' id='word_1_235' title='bbox 449 2552 641 2616; x_wconf 87' lang='lat' dir='ltr'>Yungis</span> <span class='ocrx_word' id='word_1_236' title='bbox 679 2584 690 2594; x_wconf 90' lang='lat'><strong>·</strong></span> <span class='ocrx_word' id='word_1_237' title='bbox 729 2553 830 2612; x_wconf 88' lang='lat' dir='ltr'>Qui</span> <span class='ocrx_word' id='word_1_238' title='bbox 861 2555 1016 2618; x_wconf 88' lang='lat' dir='ltr'>jurati</span> <span class='ocrx_word' id='word_1_239' title='bbox 1053 2555 1226 2604; x_wconf 87' lang='lat' dir='ltr'>dicunt</span> <span class='ocrx_word' id='word_1_240' title='bbox 1262 2555 1314 2603; x_wconf 89' lang='lat' dir='ltr'>in</span> <span class='ocrx_word' id='word_1_241' title='bbox 1353 2554 1534 2602; x_wconf 85' lang='lat' dir='ltr'>virtute</span> <span class='ocrx_word' id='word_1_242' title='bbox 1572 2552 1859 2601; x_wconf 87' lang='lat' dir='ltr'>sacramenti</span> <span class='ocrx_word' id='word_1_243' title='bbox 1899 2553 1965 2600; x_wconf 93' lang='lat' dir='ltr'>sui</span> <span class='ocrx_word' id='word_1_244' title='bbox 2006 2553 2129 2600; x_wconf 91' lang='lat' dir='ltr'>bene</span> <span class='ocrx_word' id='word_1_245' title='bbox 2171 2562 2218 2599; x_wconf 89' lang='lat' dir='ltr'>et</span> 
     </span>
     <span class='ocr_line' id='line_1_26' title="bbox 193 2641 2217 2694; baseline 0 -5"><span class='ocrx_word' id='word_1_246' title='bbox 193 2641 401 2691; x_wconf 87' lang='lat' dir='ltr'>fideliter</span> <span class='ocrx_word' id='word_1_247' title='bbox 437 2643 814 2694; x_wconf 86' lang='lat' dir='ltr'>ambulauerunt</span> <span class='ocrx_word' id='word_1_248' title='bbox 848 2647 1005 2694; x_wconf 67' lang='lat' dir='ltr'>reEtas</span> <span class='ocrx_word' id='word_1_249' title='bbox 1042 2653 1196 2694; x_wconf 85' lang='lat' dir='ltr'>metas</span> <span class='ocrx_word' id='word_1_250' title='bbox 1238 2653 1287 2694; x_wconf 89' lang='lat' dir='ltr'>et</span> <span class='ocrx_word' id='word_1_251' title='bbox 1325 2644 1501 2693; x_wconf 86' lang='lat' dir='ltr'>diuisas</span> <span class='ocrx_word' id='word_1_252' title='bbox 1537 2644 1668 2692; x_wconf 85' lang='lat' dir='ltr'>inter</span> <span class='ocrx_word' id='word_1_253' title='bbox 1705 2642 1954 2690; x_wconf 87' lang='lat' dir='ltr'>dimidiam</span> <span class='ocrx_word' id='word_1_254' title='bbox 1992 2643 2217 2690; x_wconf 84' lang='lat' dir='ltr'>danatam</span> 
     </span>
     <span class='ocr_line' id='line_1_27' title="bbox 193 2732 2215 2802; baseline -0.001 -21"><span class='ocrx_word' id='word_1_255' title='bbox 193 2741 322 2781; x_wconf 85' lang='lat' dir='ltr'>terre</span> <span class='ocrx_word' id='word_1_256' title='bbox 347 2733 486 2798; x_wconf 86' lang='lat' dir='ltr'>parci</span> <span class='ocrx_word' id='word_1_257' title='bbox 510 2741 559 2782; x_wconf 90' lang='lat' dir='ltr'>et</span> <span class='ocrx_word' id='word_1_258' title='bbox 582 2741 767 2783; x_wconf 83' lang='lat' dir='ltr'>terram</span> <span class='ocrx_word' id='word_1_259' title='bbox 802 2736 864 2784; x_wconf 89' lang='lat' dir='ltr'>de</span> <span class='ocrx_word' id='word_1_260' title='bbox 889 2735 1118 2802; x_wconf 87' lang='lat' dir='ltr'>Ardlogy</span> <span class='ocrx_word' id='word_1_261' title='bbox 1154 2737 1437 2801; x_wconf 89' lang='lat' dir='ltr'>incipiendo</span> <span class='ocrx_word' id='word_1_262' title='bbox 1475 2735 1539 2783; x_wconf 88' lang='lat' dir='ltr'>ad</span> <span class='ocrx_word' id='word_1_263' title='bbox 1573 2733 1856 2782; x_wconf 88' lang='lat' dir='ltr'>inferiorem</span> <span class='ocrx_word' id='word_1_264' title='bbox 1893 2732 2038 2779; x_wconf 89' lang='lat' dir='ltr'>finem</span> <span class='ocrx_word' id='word_1_265' title='bbox 2077 2732 2136 2779; x_wconf 92' lang='lat' dir='ltr'>de</span> <span class='ocrx_word' id='word_1_266' title='bbox 2171 2732 2215 2779; x_wconf 87' lang='lat' dir='ltr'>le</span> 
     </span>
     <span class='ocr_line' id='line_1_28' title="bbox 195 2819 2215 2888; baseline -0 -19"><span class='ocrx_word' id='word_1_267' title='bbox 195 2819 472 2871; x_wconf 87' lang='lat' dir='ltr'>Modirlech</span> <span class='ocrx_word' id='word_1_268' title='bbox 496 2825 581 2888; x_wconf 90' lang='lat' dir='ltr'>qui</span> <span class='ocrx_word' id='word_1_269' title='bbox 606 2833 811 2874; x_wconf 85' lang='lat' dir='ltr'>vocatur</span> <span class='ocrx_word' id='word_1_270' title='bbox 838 2825 1076 2875; x_wconf 84' lang='lat' dir='ltr'>Greimos</span> <span class='ocrx_word' id='word_1_271' title='bbox 1100 2834 1149 2876; x_wconf 92' lang='lat' dir='ltr'>et</span> <span class='ocrx_word' id='word_1_272' title='bbox 1175 2827 1239 2875; x_wconf 85' lang='lat' dir='ltr'>fic</span> <span class='ocrx_word' id='word_1_273' title='bbox 1274 2825 1566 2875; x_wconf 90' lang='lat' dir='ltr'>ambulando</span> <span class='ocrx_word' id='word_1_274' title='bbox 1591 2832 1639 2873; x_wconf 87' lang='lat' dir='ltr'>et</span> <span class='ocrx_word' id='word_1_275' title='bbox 1663 2823 1798 2888; x_wconf 79' lang='lat' dir='ltr'>signa</span> <span class='ocrx_word' id='word_1_276' title='bbox 1830 2822 2058 2886; x_wconf 89' lang='lat' dir='ltr'>ponendo</span> <span class='ocrx_word' id='word_1_277' title='bbox 2087 2823 2215 2870; x_wconf 86' lang='lat' dir='ltr'>inter</span> 
     </span>
    </p>
   </div>
   <div class='ocr_carea' id='block_1_8' title="bbox 32 2904 2215 3071">
    <p class='ocr_par' dir='ltr' id='par_1_8' title="bbox 32 2904 2215 3071">
     <span class='ocr_line' id='line_1_29' title="bbox 96 2904 2214 2981; baseline 0 -21"><span class='ocrx_word' id='word_1_278' title='bbox 96 2904 97 2907; x_wconf 9' lang='grc' dir='ltr'><strong>Ἴ</strong></span> <span class='ocrx_word' id='word_1_279' title='bbox 192 2913 428 2975; x_wconf 84' lang='lat' dir='ltr'>petariam</span> <span class='ocrx_word' id='word_1_280' title='bbox 453 2914 514 2962; x_wconf 92' lang='grc'>(16</span> <span class='ocrx_word' id='word_1_281' title='bbox 541 2914 770 2980; x_wconf 87' lang='lat' dir='ltr'>Ardlogy</span> <span class='ocrx_word' id='word_1_282' title='bbox 797 2923 846 2964; x_wconf 84' lang='lat' dir='ltr'>et</span> <span class='ocrx_word' id='word_1_283' title='bbox 869 2917 1110 2980; x_wconf 88' lang='lat' dir='ltr'>petariam</span> <span class='ocrx_word' id='word_1_284' title='bbox 1133 2917 1461 2981; x_wconf 88' lang='lat' dir='ltr'>pertinentem</span> <span class='ocrx_word' id='word_1_285' title='bbox 1496 2915 1559 2963; x_wconf 88' lang='lat' dir='ltr'>ad</span> <span class='ocrx_word' id='word_1_286' title='bbox 1591 2930 1793 2978; x_wconf 88' lang='lat' dir='ltr'>parcum</span> <span class='ocrx_word' id='word_1_287' title='bbox 1829 2911 2074 2976; x_wconf 87' lang='lat' dir='ltr'>quousque</span> <span class='ocrx_word' id='word_1_288' title='bbox 2107 2929 2214 2975; x_wconf 86' lang='lat' dir='ltr'>per-</span> 
     </span>
     <span class='ocr_line' id='line_1_30' title="bbox 32 3003 2215 3071; baseline 0 -22"><span class='ocrx_word' id='word_1_289' title='bbox 32 3026 35 3070; x_wconf 51' lang='grc' dir='ltr'><em>ς</em></span> <span class='ocrx_word' id='word_1_290' title='bbox 92 3035 94 3037; x_wconf 54' lang='lat'>&gt;</span> <span class='ocrx_word' id='word_1_291' title='bbox 194 3010 436 3052; x_wconf 84' lang='lat' dir='ltr'>uenerunt</span> <span class='ocrx_word' id='word_1_292' title='bbox 461 3005 593 3068; x_wconf 87' lang='lat' dir='ltr'>apud</span> <span class='ocrx_word' id='word_1_293' title='bbox 615 3005 662 3053; x_wconf 91' lang='lat' dir='ltr'>le</span> <span class='ocrx_word' id='word_1_294' title='bbox 691 3004 962 3071; x_wconf 89' lang='lat' dir='ltr'>Stanyford</span> <span class='ocrx_word' id='word_1_295' title='bbox 996 3034 1007 3045; x_wconf 90' lang='lat'><strong>·</strong></span> <span class='ocrx_word' id='word_1_296' title='bbox 1043 3008 1170 3056; x_wconf 88' lang='lat' dir='ltr'>Item</span> <span class='ocrx_word' id='word_1_297' title='bbox 1194 3007 1402 3071; x_wconf 62' lang='lat' dir='ltr'>predicti</span> <span class='ocrx_word' id='word_1_298' title='bbox 1418 3006 1573 3071; x_wconf 87' lang='lat' dir='ltr'>jurati</span> <span class='ocrx_word' id='word_1_299' title='bbox 1596 3005 1767 3053; x_wconf 83' lang='lat' dir='ltr'>dicunt</span> <span class='ocrx_word' id='word_1_300' title='bbox 1792 3004 1923 3068; x_wconf 89' lang='lat' dir='ltr'>quod</span> <span class='ocrx_word' id='word_1_301' title='bbox 1956 3003 2215 3068; x_wconf 83' lang='lat' dir='ltr'>burgenses</span> 
     </span>
    </p>
   </div>
   <div class='ocr_carea' id='block_1_9' title="bbox 193 3091 2214 3250">
    <p class='ocr_par' dir='ltr' id='par_1_9' title="bbox 193 3091 2214 3250">
     <span class='ocr_line' id='line_1_31' title="bbox 193 3091 2214 3158; baseline 0 -18"><span class='ocrx_word' id='word_1_302' title='bbox 193 3091 254 3140; x_wconf 85' lang='lat' dir='ltr'>de</span> <span class='ocrx_word' id='word_1_303' title='bbox 277 3091 484 3158; x_wconf 86' lang='lat' dir='ltr'>Fyvyne</span> <span class='ocrx_word' id='word_1_304' title='bbox 508 3095 698 3144; x_wconf 91' lang='lat' dir='ltr'>nullum</span> <span class='ocrx_word' id='word_1_305' title='bbox 722 3097 901 3146; x_wconf 87' lang='lat' dir='ltr'>statum</span> <span class='ocrx_word' id='word_1_306' title='bbox 925 3099 1109 3148; x_wconf 87' lang='lat' dir='ltr'>habent</span> <span class='ocrx_word' id='word_1_307' title='bbox 1132 3116 1224 3148; x_wconf 90' lang='lat' dir='ltr'>nec</span> <span class='ocrx_word' id='word_1_308' title='bbox 1248 3099 1428 3147; x_wconf 90' lang='lat' dir='ltr'>habere</span> <span class='ocrx_word' id='word_1_309' title='bbox 1454 3096 1809 3146; x_wconf 81' lang='lat' dir='ltr'>consueuerunt</span> <span class='ocrx_word' id='word_1_310' title='bbox 1842 3095 1894 3142; x_wconf 92' lang='lat' dir='ltr'>in</span> <span class='ocrx_word' id='word_1_311' title='bbox 1929 3095 2119 3158; x_wconf 85' lang='lat' dir='ltr'>petaria</span> <span class='ocrx_word' id='word_1_312' title='bbox 2153 3094 2214 3141; x_wconf 88' lang='lat' dir='ltr'>de</span> 
     </span>
     <span class='ocr_line' id='line_1_32' title="bbox 197 3180 2214 3250; baseline 0 -20"><span class='ocrx_word' id='word_1_313' title='bbox 197 3180 420 3250; x_wconf 80' lang='lat' dir='ltr'>Ardlogy</span> <span class='ocrx_word' id='word_1_314' title='bbox 455 3184 544 3234; x_wconf 80' lang='lat' dir='ltr'>nist</span> <span class='ocrx_word' id='word_1_315' title='bbox 586 3204 644 3235; x_wconf 87' lang='lat' dir='ltr'>ex</span> <span class='ocrx_word' id='word_1_316' title='bbox 680 3188 970 3238; x_wconf 87' lang='lat' dir='ltr'>sufferencia</span> <span class='ocrx_word' id='word_1_317' title='bbox 1004 3190 1355 3239; x_wconf 89' lang='lat' dir='ltr'>monachorum</span> <span class='ocrx_word' id='word_1_318' title='bbox 1388 3188 1471 3236; x_wconf 86' lang='lat' dir='ltr'>sed</span> <span class='ocrx_word' id='word_1_319' title='bbox 1509 3188 1561 3235; x_wconf 88' lang='lat' dir='ltr'>in</span> <span class='ocrx_word' id='word_1_320' title='bbox 1594 3193 1813 3249; x_wconf 89' lang='lat' dir='ltr'>tempore</span> <span class='ocrx_word' id='word_1_321' title='bbox 1849 3183 2034 3232; x_wconf 91' lang='lat' dir='ltr'>domini</span> <span class='ocrx_word' id='word_1_322' title='bbox 2071 3184 2214 3246; x_wconf 78' lang='lat' dir='ltr'>Regi-</span> 
     </span>
    </p>
   </div>
  </div>
 </body>
</html>
