2612 3926
1036 391 1160 456 (No.
1197 394 1308 448 228,
1345 407 1393 454 p.
1434 390 1570 453 162.)

261 566 655 636 Perambulacio
678 587 807 636 facta
837 588 966 636 inter
995 597 1151 637 terras
1180 588 1463 636 monasterii
1486 588 1546 634 de
1572 585 1918 634 Aberbrothoc
1944 594 1992 635 et
2023 586 2288 637 Baroniam

261 680 320 727 de
346 678 764 742 Kynblathmund.

263 842 437 911 Anno
484 861 544 908 ab
594 859 939 907 incarnacione
987 857 1172 905 domini
1219 857 1477 905 millesimo
1520 857 1855 905 ducentesimo
1900 857 2089 905 decimo
2141 875 2287 916 nono,

264 952 491 999 vicesima
514 951 668 999 tercia
690 950 769 997 die
796 947 1095 1012 Septembris
1118 964 1207 1010 per
1230 947 1320 995 hos
1345 948 1672 996 ambulatores
1697 949 2011 1013 subscripto&
2037 949 2291 1014 Gilpatrik

261 1041 376 1089 Mac
399 1041 566 1098 Ewen,
605 1039 852 1103 Dunachy
885 1038 1040 1085 filium
1076 1037 1342 1101 Gilpatrik,
1381 1038 1701 1087 Malcolmum
1735 1039 1938 1090 fratrem
1982 1040 2183 1107 Thayni
2225 1043 2286 1090 de

262 1132 447 1196 Edevy,
489 1131 755 1194 Gillecryst
793 1129 945 1177 filium
987 1128 1137 1195 Ewen
1175 1128 1352 1187 Costr’,
1396 1129 1666 1194 Gillecryst
1707 1130 1954 1179 hominem
1995 1133 2186 1182 comitis
2228 1135 2288 1181 de

262 1224 478 1286 Anegus,
518 1221 789 1270 Keraldum
834 1215 1035 1285 fratrem
1076 1219 1188 1266 Ade
1222 1218 1258 1267 J
1260 1219 1431 1276 udiciS‚
1475 1219 1732 1268 Matheum
1771 1221 1926 1269 filium
1968 1221 2159 1271 Mathei
2200 1223 2288 1271 filii

262 1313 473 1377 Dusyth’
499 1314 560 1360 de
586 1311 774 1368 Conan,
799 1310 925 1358 iuste
950 1318 998 1358 et
1022 1310 1289 1358 secundum
1324 1310 1524 1359 assisam
1559 1318 1691 1359 terre
1726 1313 2063 1375 perambulate
2087 1314 2288 1363 fuerunt

263 1412 395 1451 recte
430 1403 585 1450 diuise
620 1403 748 1449 inter
790 1401 1196 1465 Kynblathmund
1234 1409 1283 1448 et
1317 1401 1576 1466 Adynglas
1618 1410 1666 1450 et
1702 1402 2054 1462 Abirbrothoc,
2099 1405 2287 1454 scilicet

266 1493 669 1542 Hathuerbelath’
712 1508 863 1554 usque
905 1492 968 1539 ad
1012 1490 1391 1556 Sythnekerdun
1441 1500 1490 1540 et
1542 1493 1611 1540 sic
1654 1494 1717 1540 ad
1756 1502 1903 1558 caput
1944 1495 2285 1561 Munegungy.

265 1585 329 1632 Et
363 1584 431 1632 hii
465 1592 581 1631 tunc
611 1590 861 1647 presentes
889 1583 1099 1639 fuerunt,
1142 1581 1291 1646 Hugo
1324 1583 1383 1630 de
1412 1582 1663 1631 Cambrun
1689 1584 1960 1633 vicecomes
1996 1587 2057 1634 de
2093 1586 2284 1645 Forfar,

266 1677 468 1739 Anegus
490 1673 617 1721 filius
642 1672 828 1720 comitis
862 1672 1074 1737 Gilbryd
1097 1673 1157 1721 de
1181 1672 1401 1738 Anegus,
1432 1675 1677 1723 Robertus
1703 1676 1763 1723 de
1796 1675 2175 1735 Inuerkelethir,
2204 1677 2285 1726 W.

266 1769 326 1815 de
350 1765 522 1813 Monte
546 1764 659 1822 alto,
687 1763 849 1811 Adam
874 1763 934 1811 de
960 1762 1170 1821 Neveth‚
1202 1762 1526 1812 Douenaldus
1552 1764 1682 1813 filius
1714 1765 1954 1814 Makbeth
1979 1766 2097 1815 Mac
2122 1766 2295 1827 Ywar,

265 1856 299 1903 J
301 1855 516 1902 ohannes
550 1854 693 1902 Abbe
729 1854 789 1901 de
828 1853 1070 1917 Brechyn‚
1109 1853 1418 1919 Morgundus
1450 1854 1580 1903 filius
1616 1857 1733 1920 ejus,
1773 1857 1938 1905 Adam
1973 1858 2035 1905 de
2070 1857 2284 1918 Bonuill,

264 1947 507 1994 Robertus
530 1945 591 1992 de
616 1944 823 2008 Rossyn,
849 1942 1121 1992 Duncanus
1145 1945 1206 1992 de
1238 1943 1493 2004 FerneveL
1522 1946 1688 1994 Adam
1720 1946 2028 1997 Senescallus
2054 1950 2115 1997 de
2139 1950 2287 1998 Abir-

264 2036 481 2092 brothoc,
510 2034 724 2082 Thomas
757 2034 884 2082 filius
919 2033 1124 2083 Roberti
1157 2035 1246 2083 filii
1277 2035 1390 2084 Ade
1429 2036 1566 2095 Gar’,
1604 2037 1748 2102 Gilys
1783 2038 1964 2104 Thayn
2001 2040 2062 2089 de
2094 2040 2283 2106 Edevy,

265 2125 532 2173 Nicholaus
566 2124 811 2172 braciator
839 2123 1002 2189 Regis,
1030 2125 1254 2190 Rogerus
1289 2142 1452 2175 marus
1487 2127 1722 2192 Episcopi
1759 2129 2122 2189 Brechinensis,
2151 2131 2286 2180 Wal-

265 2227 396 2264 terus
420 2216 479 2263 de
504 2213 714 2262 Bailliol.
788 2214 894 2262 Hec
923 2217 1286 2278 perambulacio
1311 2217 1362 2266 in
1386 2218 1517 2267 hunc
1552 2221 1750 2268 modum
1783 2220 1985 2270 inventa
2009 2221 2191 2286 scripta
2215 2232 2287 2271 est

264 2307 315 2353 in
340 2305 511 2353 rotulis
535 2303 737 2352 Domini
761 2303 926 2368 Regis.
