2554 3900
324 381 419 424 318
773 376 1197 428 REGISTRUM
1229 377 1326 426 DE
1363 375 1916 426 ABERBROTHOC.

2526 403 2535 518 ravo„
2526 369 2533 380 ⁴-
2526 330 2530 347 <
2524 263 2530 271 s
2524 180 2526 190 ἡ

327 577 540 648 Littera
563 598 886 648 commifforia
907 616 998 663 pro
1023 599 1200 648 annuis
1223 599 1499 649 redditibus
1522 599 1820 663 recipiendis
1845 626 1855 635 ·

143 766 282 830 [359]
329 757 604 829 Uniuerfis
643 779 826 829 Christi
859 779 1086 828 fidelibus
1121 780 1184 827 ad
1219 796 1340 843 quos
1373 780 1621 844 presentes
1655 780 1820 828 littere
1854 777 2176 844 peruenerint
2209 777 2362 827 frater
2486 767 2513 829 Ξῖ

329 869 611 917 Bernardus
634 869 943 933 permiffione
968 869 1139 917 diuina
1166 869 1316 918 abbas
1351 870 1413 918 de
1436 869 1784 918 Aberbrothoc
1808 875 1857 918 et
1881 868 2095 917 eiusdem
2117 867 2215 916 loci
2249 885 2362 916 con·
2478 880 2525 934 ξς

329 937 502 1007 uentris
525 959 728 1007 salutem
751 959 804 1006 in
828 958 1047 1008 Domino
1073 987 1083 998 ·
1111 958 1367 1007 Noueritis
1394 976 1485 1007 nos
1518 958 1681 1007 feciss'e
1717 967 1766 1007 et
1783 945 2096 1007 ‘constituisse
2130 975 2220 1022 per
2253 976 2362 1022 pre·
2486 929 2527 1023 g

327 1051 483 1099 sentes
508 1050 739 1098 dilefitum
763 1050 1055 1099 seruientem
1082 1050 1302 1098 nostrum
1325 1057 1374 1098 et
1396 1049 1592 1098 fidelem
1616 1077 1627 1088 ·
1653 1049 1721 1097 W
1743 1076 1754 1087 ·
1779 1049 1960 1097 dietum
1992 1049 2124 1113 hyrd
2155 1049 2363 1098 latorem
2525 1033 2528 1084 ἶ

327 1141 633 1204 presencium
676 1142 982 1189 atstornatum
1018 1140 1238 1188 nostrum
1276 1141 1340 1188 ad
1369 1141 1636 1205 petendum
1671 1147 1721 1188 et
1756 1141 1820 1188 ad
1842 1140 2181 1204 recipiendum
2208 1158 2238 1189 a
2261 1141 2364 1204 qui·
2526 1159 2528 1162 ·

328 1232 610 1295 buscunque
635 1232 938 1279 debitoribus
962 1231 1140 1279 nostris
1163 1231 1327 1279 firmas
1363 1237 1412 1279 et
1445 1231 1668 1279 redditus
1704 1231 1764 1279 de
1799 1230 2070 1295 hostilagiis
2104 1232 2281 1280 nostris
2317 1240 2365 1280 et

329 1322 461 1371 tostis
485 1329 585 1371 tam
608 1322 740 1371 infra
762 1322 944 1386 burgos
968 1339 1115 1385 quam
1140 1329 1280 1370 extra
1308 1321 1450 1370 nobis
1475 1321 1665 1370 debitos
1697 1321 1973 1385 vbicunque
1997 1321 2128 1369 infra
2157 1339 2365 1387 regnum
2472 1310 2530 1390 ξς,

332 1413 502 1462 Scocie
555 1442 565 1453 ·
620 1430 718 1461 vna
758 1430 869 1461 cum
904 1412 1168 1477 arreragiis
1204 1429 1445 1461 annorum
1483 1419 1533 1460 et
1566 1412 1892 1460 terminorum
1929 1411 2282 1461 transadaorum
2318 1421 2366 1460 et
2479 1379 2531 1487 {ll

327 1507 390 1553 ad
412 1505 640 1553 facienda
663 1504 830 1552 omnia
852 1511 902 1553 et
926 1503 1115 1568 lingula
1138 1521 1233 1567 que
1256 1521 1346 1568 per
1368 1502 1645 1551 huiusmodi
1681 1505 1986 1551 actornatum
2018 1509 2252 1567 poterunt
2287 1521 2366 1552 ex·
2483 1497 2515 1610 ᾗ
2538 1491 2539 1494 ¹

327 1596 487 1660 pediri
512 1624 521 1635 ·
548 1602 710 1644 ratum
735 1602 783 1643 et
806 1602 1001 1659 gratum
1025 1595 1261 1643 habentes
1297 1602 1347 1643 et
1379 1592 1596 1641 habituri
1628 1593 1866 1656 quicquid
1900 1593 2058 1642 dictus
2094 1601 2367 1643 attornatus
2474 1599 2519 1677 ἐξ

328 1685 490 1733 noster
513 1701 604 1748 pro
632 1683 839 1732 vtilitate
864 1684 1030 1732 nostra
1061 1684 1115 1731 in
1137 1683 1374 1748 premiffis
1398 1683 1594 1732 duxerit
1624 1683 1906 1732 faciendum
1931 1710 1942 1720 ·
1965 1685 2270 1748 presentibus
2305 1687 2368 1734 ad
2484 1672 2518 1755 ζζ

330 1775 631 1823 voluntatem
669 1774 886 1822 nostram
926 1774 1175 1822 duraturis
1211 1802 1221 1813 ·
1258 1774 1448 1823 Datum
1489 1775 1621 1839 apud
1654 1774 2004 1824 Aberbrothoc
2045 1775 2124 1823 die
2163 1776 2279 1825 lune
2314 1777 2366 1824 in
2485 1753 2520 1808 {R}

330 1866 448 1914 festo
473 1865 624 1913 sanfiti
647 1864 839 1920 mathie
864 1863 1069 1928 apostoli
1094 1871 1142 1913 et
1167 1865 1478 1930 ewangeliste
1504 1883 1634 1914 anno
1659 1873 1737 1915 etc
1761 1894 1771 1904 ·
1797 1866 2024 1916 vicefimo
2047 1871 2217 1916 06tavo
2241 1894 2251 1904 ·

328 2115 601 2187 Proteffio
623 2135 762 2199 regia
787 2135 1007 2185 concefl'a
1029 2135 1326 2185 monasterio
1350 2135 1402 2184 in
1427 2137 1652 2186 absencia
1675 2138 1866 2187 abbatis
1891 2167 1901 2177 ·

2479 2102 2522 2235 siim&
2480 1808 2521 2111 ,caejssfffer—..tzzz-

150 2322 289 2386 [360]
334 2298 605 2369 Robertus
642 2317 743 2366 Dei
782 2317 951 2382 gracia
986 2335 1073 2366 rex
1120 2317 1377 2367 Scotorum
1425 2318 1650 2366 omnibus
1689 2319 1855 2383 probis
1894 2319 2174 2368 hominibus
2211 2321 2367 2369 tocius

2494 2446 2495 2451 „
2466 2400 2471 2405 .
2480 2269 2495 2365 ‹rs—⁴14-
2483 2247 2489 2260 -
2484 2235 2486 2237 v

334 2419 466 2459 terre
490 2411 571 2458 sue
594 2409 799 2457 salutem
821 2408 875 2456 in
898 2408 1117 2457 Domino
1143 2440 1154 2450 ·
1193 2408 1368 2458 Sciatis
1392 2410 1524 2473 quod
1548 2410 1609 2458 de
1632 2410 1802 2475 gracia
1824 2409 1990 2458 nostra
2022 2410 2219 2474 speciali
2255 2429 2367 2460 con-

335 2501 553 2550 ceffimus
576 2500 816 2564 religiofis
841 2499 958 2547 viris
991 2499 1155 2548 abbati
1191 2507 1240 2548 et
1275 2500 1541 2548 conuentui
1576 2501 1637 2549 de
1674 2478 2020 2550 Aberbrothoc
2054 2529 2065 2540 ·
2100 2501 2185 2566 qui
2219 2503 2366 2552 abbas

333 2593 396 2641 ad
418 2599 583 2655 partes
606 2590 874 2655 Norwagie
897 2607 988 2653 pro
1023 2589 1243 2654 negociis
1277 2590 1455 2638 nostris
1490 2597 1540 2640 et
1575 2591 1669 2639 suis
1704 2591 1774 2640 est
1805 2592 2052 2655 profe&us
2076 2619 2087 2629 ·
2111 2599 2166 2641 ut
2200 2610 2367 2642 omnes
2479 2597 2523 2648 ἓξ*

332 2682 525 2746 loquele
549 2682 632 2730 seu
667 2680 865 2744 querele
895 2678 1027 2729 mote
1062 2681 1144 2729 seu
1178 2682 1420 2730 mouende
1454 2682 1580 2746 ipsos
1615 2682 1867 2747 religiosos
1897 2683 1979 2732 seu
2006 2683 2230 2732 homines
2259 2685 2366 2733 suos
2550 2743 2552 2746 y

334 2780 591 2838 tangentes
621 2780 870 2836 ponantur
901 2772 955 2820 in
986 2773 1257 2836 respe&um
1289 2772 1438 2836 usque
1473 2773 1537 2820 ad
1566 2773 1813 2821 redditum
1847 2773 2035 2822 abbatis
2065 2774 2329 2838 supradiffi
2354 2804 2364 2814 ·
2478 2782 2521 2826 ,ε’

337 2865 505 2922 Quare
550 2863 757 2912 firmiter
802 2863 1119 2927 prohibemus
1164 2863 1338 2927 nequis
1385 2862 1538 2911 difflms
1584 2863 1836 2927 religiosos
1880 2864 1962 2912 seu
1999 2864 2222 2912 homines
2258 2865 2365 2913 suos

337 2964 509 3004 contra
529 2955 659 3004 hanc
684 2954 1038 3003 conceflionem
1060 2955 1276 3003 nostram
1297 2954 1498 3002 interim
1527 2971 1705 3002 vexare
1736 2956 1983 3018 presumat
2012 2954 2190 3003 iniuste
2224 2955 2366 3019 super

334 3046 550 3096 nostram
572 3045 843 3112 plenariam
868 3045 1218 3093 foriffa8turam
1242 3073 1253 3083 ·
1285 3044 1517 3093 breuibus
1551 3062 1680 3093 noue
1712 3043 1950 3093 diffaffine
1973 3052 2023 3094 et
2047 3045 2240 3094 dotibus
2263 3062 2364 3094 mu-

333 3138 510 3186 lierum
534 3137 771 3185 duntaxat
794 3136 1011 3200 exceptis
1044 3162 1054 3174 ·
1089 3135 1150 3184 In
1175 3135 1313 3185 cuius
1337 3134 1410 3183 rei
1434 3134 1762 3184 testimonium
1785 3161 1796 3172 ·
1821 3141 1898 3184 etc
1924 3163 1935 3174 ·
