2554 3900
23 1550 26 1586 ὁ

23 1591 27 1743 ἱ

628 419 1052 471 REGISTRUM
1083 419 1182 468 DE
1217 418 1772 471 ABERBROTHOC.
2122 430 2213 480 291

187 554 335 605 nostri
370 552 570 617 pensata
609 552 820 600 vtssitate
858 551 1141 600 monasterii
1180 551 1335 599 nostri
1371 552 1550 600 dedifl‘e
1588 560 1638 600 et
1674 552 1945 602 conceffifl'e
1980 570 2070 618 per
2106 572 2213 619 pre-

186 647 340 696 sentes
361 643 397 692 J
399 643 580 692 ohanni
605 642 686 691 del
724 641 899 706 Cragis
931 649 1085 690 totam
1120 649 1304 691 terram
1339 642 1555 691 nostram
1593 643 1654 691 de
1692 642 2065 692 Douenaldston
2102 661 2212 693 cum

184 733 497 802 pertinenciis
522 739 625 781 toto
650 741 870 796 tempore
902 733 998 781 vite
1034 733 1115 781 sue
1150 732 1284 781 salua
1316 733 1457 781 nobis
1493 733 1750 798 regalitate
1785 733 1837 781 in
1873 734 2044 782 eadem
2081 742 2214 783 terra

184 842 272 892 pro
310 824 443 874 fideli
488 823 693 872 seruicio
739 824 824 872 suo
871 824 1070 872 confilio
1118 831 1167 872 et
1212 824 1380 873 labore
1426 825 1566 872 nobis
1612 832 1663 873 et
1707 825 2001 874 monasterio
2047 827 2212 874 nostro

185 916 324 967 terris
358 915 512 964 eciam
547 922 596 963 et
624 914 901 963 hominibus
936 914 1113 963 nostris
1148 915 1363 979 prestitis
1395 924 1444 965 et
1474 917 1750 981 prestandis
1784 924 1932 981 prout
1962 917 2014 964 in
2046 917 2212 966 littera

185 1006 490 1072 obligationis
523 1007 604 1055 sue
639 1006 780 1055 nobis
816 1006 958 1070 super
992 1006 1087 1055 hoc
1123 1007 1344 1055 confe&a
1376 1007 1570 1070 plenius
1606 1007 1886 1056 continetur
1921 1036 1932 1047 ·
1970 1008 2211 1057 Volumus

184 1098 335 1148 eciam
359 1097 491 1161 quod
513 1114 657 1146 vnam
683 1097 855 1145 robam
878 1096 1057 1145 habeat
1090 1096 1343 1146 honestam
1379 1099 1440 1146 de
1471 1098 1599 1146 se&a
1631 1099 1987 1164 armigerorum
2024 1100 2212 1148 abbatis

185 1189 267 1255 qui
299 1205 387 1254 pro
422 1196 640 1253 tempore
678 1189 829 1237 fuerit
866 1189 1121 1238 annuatim
1153 1190 1216 1237 ad
1246 1188 1410 1237 natale
1447 1187 1615 1238 San&i
1643 1188 1663 1254 [
1883 1189 1903 1254 ]
1938 1190 2211 1254 percipien-

185 1281 293 1330 dam
328 1308 339 1320 ·
374 1279 434 1328 In
475 1279 612 1328 cuius
659 1280 733 1328 rei
773 1279 1104 1328 testimonium
1149 1279 1454 1343 presentibus
1499 1279 1677 1327 litteris
1717 1296 1808 1343 pro
1849 1286 2070 1343 tempore
2112 1281 2210 1330 vite

184 1371 298 1421 diai
341 1370 583 1420 Johannis
629 1380 683 1419 ut
730 1371 914 1419 dietum
961 1370 1031 1419 est
1076 1370 1414 1419 tantummodo
1462 1369 1710 1418 duraturis
1756 1368 1965 1434 figillum
2011 1370 2213 1434 capituli

182 1461 331 1512 nostri
376 1461 445 1509 est
491 1461 756 1525 appensum
803 1489 813 1500 ·
864 1460 1012 1509 Teste
1059 1461 1233 1509 eodem
1277 1460 1509 1510 Johanne
1557 1461 1689 1525 apud
1735 1460 2080 1510 Aberbrothoc
2131 1461 2210 1509 die

181 1554 420 1604 dominica
464 1553 689 1618 proxima
731 1552 841 1617 post
887 1555 1083 1601 ofitavas
1134 1553 1297 1601 San&i
1345 1552 1551 1601 Martini
1598 1552 1814 1616 episcopi
1865 1569 1994 1600 anno
2044 1554 2210 1617 gracie

173 1643 406 1694 ·milefimo
431 1643 769 1694 trecentesimo
794 1643 1086 1692 duodecimo
1111 1672 1121 1682 ·

176 1891 476 1980 Affignacio
499 1930 662 1963 annue
685 1914 930 1978 pensionis
954 1923 1087 1964 terre
1110 1915 1275 1963 nostre
1300 1915 1362 1963 de
1389 1914 1634 1981 Crofergy
1659 1943 1669 1953 ·

89 2082 139 2152 6]
177 2073 430 2148 Omnibus
453 2096 547 2145 hoc
569 2096 803 2162 scriptum
827 2098 1000 2146 visuris
1024 2098 1103 2147 vel
1127 2097 1367 2146 audituris
1392 2096 1569 2146 Frater
1594 2097 1877 2146 Bernardus
1901 2097 2203 2161 permiffione

177 2186 341 2236 diuina
364 2187 512 2236 abbas
537 2188 598 2236 de
630 2187 979 2238 Aberbrothoc
1011 2196 1060 2238 et
1093 2188 1306 2237 eiusdem
1337 2188 1435 2236 loci
1470 2196 1743 2237 conuentus
1777 2188 1974 2236 humilis
2002 2189 2203 2238 salutem

175 2277 226 2326 in
256 2277 472 2327 Domino
509 2279 853 2343 sempiternam
896 2309 906 2319 ·
948 2279 1205 2330 Noueritis
1245 2297 1333 2328 nos
1375 2279 1554 2328 dedifl'e
1595 2279 1865 2329 conceffiffe
1906 2287 1956 2328 et
1992 2282 2205 2344 presenti

175 2368 348 2434 scripto
372 2368 616 2434 affignaffe
649 2388 710 2419 ex
742 2371 962 2420 vnanimi
994 2372 1227 2420 consensu
1258 2371 1416 2419 tocius
1451 2371 1655 2435 capituli
1686 2371 1839 2419 nostri
1869 2371 2037 2420 habito
2068 2372 2203 2436 prius

175 2459 394 2526 diligenti
416 2463 627 2511 tra&atu
650 2462 703 2510 in
728 2463 902 2511 eddem
919 2464 1122 2527 pensata
1144 2480 1239 2526 que
1262 2462 1469 2512 vtilitate
1488 2463 1771 2512 monasterii
1788 2463 1939 2511 nostri
1962 2464 2202 2528 magistro

176 2550 366 2616 Rogero
390 2552 450 2601 de
474 2551 784 2602 Balnebrech
808 2553 1011 2603 Restm-i
1029 2554 1230 2602 ecclefie
1249 2556 1311 2604 de
1336 2555 1456 2603 Blar
1478 2571 1570 2618 pro
1593 2554 1727 2603 fideli
1752 2554 1956 2603 seruicio
1979 2556 2063 2603 suo
2089 2573 2201 2604 con-

176 2639 275 2689 filio
299 2642 477 2690 auxilio
506 2650 555 2691 et
587 2642 756 2692 labore
790 2644 932 2693 nobis
967 2652 1016 2693 et
1050 2646 1344 2694 monasterio
1379 2645 1544 2693 nostro
1579 2645 1812 2709 quociens
1846 2646 2201 2710 indiguerimus

177 2731 508 2797 impendendis
534 2751 591 2782 ac
614 2751 704 2799 per
722 2752 811 2783 nos
834 2736 983 2785 fuerit
1006 2736 1346 2801 interpellatus
1364 2736 1446 2784 seu
1465 2735 1702 2799 legittime
1720 2735 2024 2798 premunitus
2050 2744 2200 2785 totam

177 2823 410 2873 decimam
432 2826 695 2890 garbarum
720 2805 973 2876 villule-de
1001 2826 1229 2893 Crofergi
1251 2828 1316 2876 ad
1338 2843 1427 2875 nos
1451 2826 1746 2890 spe&antem
1775 2825 1965 2874 ratione
1999 2827 2199 2876 ecclesie

175 2913 331 2962 nostre
355 2915 415 2963 de
439 2915 720 2983 Abirnethy
743 2918 1112 2982 percipiendam
1135 2918 1222 2967 fibi
1246 2927 1307 2968 et.
1323 2918 1416 2983 [in]
1440 2918 1548 2966 vsus
1578 2917 1684 2965 suos
1709 2918 2091 2966 conuertendam
2118 2936 2199 2966 an·

175 3004 356 3054 nuatim
380 3013 483 3055 toto
506 3015 727 3072 tempore
751 3010 850 3058 vite
874 3011 956 3059 sue
981 3042 992 3053 ·
1020 3009 1352 3060 Conceffimus
1376 3009 1532 3058 eciam
1555 3009 1716 3057 eidem
1738 3008 1966 3072 magistro
2002 3009 2198 3074 Rogero

175 3095 403 3157 quociens
438 3097 501 3145 ad
539 3099 885 3148 monasterium
922 3101 1142 3150 nostrum
1180 3100 1348 3151 venire
1390 3099 1601 3148 voluerit
1651 3098 1904 3146 honestam
1940 3099 2199 3162 perhendi-

174 3183 417 3234 nationem
457 3186 508 3235 in
549 3188 805 3240 esculentis
851 3199 901 3240 et
946 3192 1222 3256 poculentis
1269 3191 1498 3240 videlicet
1545 3190 1680 3239 ficut*
1712 3190 1795 3238 vni
1840 3190 1901 3238 de
1946 3192 2198 3240 monachis
