2612 3926
1054 400 1236 451 Words
1260 403 1593 452 abbreviated.

319 558 350 585 ψ
1456 538 1490 585 h
1527 538 1615 586 hec
1638 553 1695 585 or
1719 537 1822 585 hoc.

316 631 344 689 ἔ
397 539 426 692 1
451 589 535 631 3⁸8⁵
1453 631 1474 677 1
1508 629 1594 677 vel.

318 730 363 784 οξ
404 722 416 788 1
1454 721 1486 768 fi
1522 736 1636 768 non.

318 817 350 854 “t
400 794 427 871 s
452 774 508 814 εἶ’
1452 817 1514 875 p9
1540 818 1662 876 post.

314 897 348 946 ἴ
383 902 541 949 etiam.
1452 907 1483 965 (ἶ
1518 918 1623 966 que.

313 992 362 1054 g*¹
402 992 573 1056 igitur.
1449 1010 1484 1057 q
1518 993 1658 1056 quod.

311 1087 362 1146 g⁰
408 1099 538 1146 ergo.
1447 1083 1509 1147 qa:
1542 1100 1702 1147 quam.

311 1172 360 1220 11α
397 1173 490 1222 hic.
1445 1189 1518 1238 qo-
1543 1175 1674 1238 quia.

433 1300 458 1330 c
478 1282 519 1330 is
540 1282 820 1347 frequently
846 1284 966 1332 used
989 1284 1066 1332 for
1090 1291 1110 1332 t
1131 1283 1299 1332 before
1324 1283 1356 1340 i,
1382 1281 1482 1330 and
1505 1297 1531 1329 e
1553 1280 1833 1346 invariably
1856 1276 2049 1327 instead
2074 1274 2128 1323 of
2147 1273 2230 1321 the

1168 1372 1450 1438 diphthong
1473 1388 1533 1420 σε.

459 1777 611 1839 TWO
657 1776 1172 1838 ABBREVIATED
1220 1776 1590 1840 CHARTERS
1641 1776 1951 1838 PRINTED
1997 1775 2188 1837 FULL.

1105 1946 1230 2011 (No.
1257 1950 1335 2004 42,
1360 1963 1408 2010 p.
1436 1946 1546 2008 30.)

303 2087 652 2159 Confirmacio
678 2106 829 2171 Regis
857 2106 1092 2155 Willelmi
1117 2107 1179 2156 de
1204 2106 1413 2156 ecclesia
1436 2108 1497 2156 de
1522 2106 1728 2156 Muraus
1754 2138 1762 2146 -

299 2269 615 2339 Willelmus
641 2289 720 2337 dei
754 2288 925 2354 gracia
957 2286 1065 2336 Rex
1093 2286 1374 2338 Scottorum
1410 2288 1635 2336 omnibus
1670 2288 1838 2352 probis
1873 2288 2149 2338 hominibus
2185 2292 2339 2339 tocius

298 2387 428 2428 terre
453 2397 539 2428 sue
564 2380 757 2428 clericis
781 2387 831 2428 0(
853 2379 994 2427 laicis
1026 2379 1248 2428 salutem.
1319 2377 1490 2428 Sciant
1512 2386 1766 2443 presentes
1790 2387 1840 2428 et
1863 2379 2015 2428 futuri
2040 2397 2117 2428 me
2143 2398 2339 2429 conces-

297 2471 414 2519 sisse
450 2478 499 2519 et
537 2470 630 2518 hac
666 2477 805 2519 carta
838 2487 950 2518 mea
978 2469 1292 2518 confirmasse
1329 2471 1421 2519 deo
1454 2478 1504 2519 0(
1538 2471 1838 2519 monasterio
1866 2469 2040 2536 Sancti⁴
2061 2471 2252 2520 Thome
2277 2474 2337 2521 de

296 2561 634 2610 Abirbrothoc
659 2568 708 2609 0(
732 2560 987 2609 monachis
1010 2560 1193 2609 ibidem
1218 2561 1311 2609 deo
1335 2561 1664 2611 seruientibus
1689 2561 2013 2610 donacionem
2036 2562 2171 2611 illam
2190 2580 2335 2626 quam

298 2652 550 2702 Gillecrist
577 2651 755 2701 Comes
779 2652 840 2700 de
865 2651 1072 2715 Anegus
1097 2652 1167 2700 eis
1190 2651 1307 2700 fecit
1333 2652 1393 2700 (10
1418 2652 1628 2700 ecclesia
1663 2653 1724 2700 de
1757 2651 1978 2700 Muraus.
2045 2652 2334 2702 Tenendam

293 2742 344 2790 in
379 2742 585 2791 liberam
617 2750 667 2791 0(
700 2759 875 2807 puram
901 2750 950 2791 et
974 2742 1191 2806 quietam
1227 2751 1276 2791 et
1309 2750 1600 2807 perpetuam
1636 2742 1951 2791 elemosinam
1989 2760 2099 2791 cum
2133 2745 2333 2808 capellis

293 2833 438 2880 terris
480 2841 529 2881 0(
564 2833 766 2882 decimis
801 2841 851 2883 0(
892 2833 1229 2881 oblacionibus
1265 2834 1557 2883 omnimodis
1599 2844 1648 2883 et
1690 2835 1916 2883 omnibus
1958 2836 2021 2883 ad
2061 2836 2331 2900 predictam

294 2923 550 2972 ecclesiam
586 2924 714 2973 iuste
748 2924 1111 2988 pertinentibus
1148 2924 1220 2973 ita
1253 2924 1407 2973 libere
1443 2934 1492 2973 et
1527 2925 1692 2989 quiete
1729 2925 1951 2989 plenarie
1983 2934 2032 2973 et
2063 2925 2331 2974 honorifice

292 3013 418 3061 sicut
447 3021 584 3062 carta
617 3015 828 3078 predicti
856 3013 1063 3064 Comitis
1090 3014 1348 3064 Gillecrist
1372 3023 1596 3065 testatur.
1666 3015 1898 3064 Testibus
1923 3015 2146 3065 Waltero
2172 3018 2330 3081 capel-

291 3104 405 3151 lano
429 3120 553 3162 meo,
581 3104 799 3154 Roberto
823 3106 885 3154 de
909 3105 1196 3164 Londoniis,
1225 3106 1277 3154 N
1278 3106 1471 3155 icholao
1496 3106 1702 3164 medico,
1724 3106 1974 3155 Willelmo
1999 3108 2060 3155 de
2086 3106 2325 3165 ValoniiS‚

292 3193 543 3242 Willelmo
567 3195 628 3242 de
653 3194 828 3244 Bosco.
898 3196 1052 3261 Apud
1075 3196 1252 3246 Forfar
1276 3198 1538 3246 undecimo
1564 3197 1644 3246 die
1670 3197 1875 3262 Aprilis.
