2554 3900
379 418 475 467 262
824 414 1245 465 REGISTRUM
1278 413 1374 462 DE
1410 410 1963 461 ABERBROTHOO.

381 550 441 597 de
474 548 696 596 omnibus
727 547 944 595 seruiciis
977 552 1182 610 excepto
1214 544 1452 592 forinseco
1485 543 1689 592 seruicio
1722 542 1907 591 domini
1938 541 2070 605 regis
2103 541 2163 589 de
2194 542 2412 605 predicta

382 648 515 688 terra
539 667 549 677 ·
576 638 846 686 Reddendo
870 637 985 684 inde
1009 636 1150 684 nobis
1174 634 1427 683 annuatim
1451 650 1597 682 vnam
1620 633 1796 682 libram
1827 633 2012 697 piperis
2045 632 2124 680 vel
2155 633 2413 682 duodecim

384 730 611 778 denarios
636 729 700 776 ad
722 726 1036 791 pentecosten
1062 754 1072 766 ·
1097 725 1334 773 Preterea
1358 722 1672 772 conceffimus
1696 723 1742 771 61
1766 731 1815 772 61
1845 723 2109 771 heredibus
2144 723 2239 770 suis
2270 723 2415 772 liber-

2548 787 2550 805 Ι

384 828 532 869 tatem
568 826 617 867 et
648 817 905 866 licenciam
941 816 1001 863 (16
1034 815 1279 863 communi
1318 813 1467 862 focali
1498 820 1547 862 et
1581 813 1826 861 communi
1857 812 2054 876 pastura
2085 820 2134 861 et
2167 812 2320 860 eciam
2355 814 2414 862 de
2484 847 2488 850 -
2547 811 2551 827 ‘

383 910 537 959 libero
562 909 696 957 exitu
718 905 955 967 habendis
980 906 1044 952 ad
1073 904 1322 968 pasturam
1354 919 1661 952 communem
1691 903 1745 951 in
1777 903 1939 951 schira
1974 904 2034 951 de
2070 903 2416 968 Kyngoldrum

386 1017 498 1049 cum
521 997 798 1046 hominibus
823 996 1047 1043 omnibus
1076 994 1253 1042 nostris
1281 994 1419 1042 iuxta
1449 993 1496 1041 se
1528 993 1838 1041 manentibus
1869 993 2011 1057 super
2043 1001 2200 1041 terras
2230 994 2417 1042 nostras
2488 1000 2489 1003 ’
2546 979 2550 1031 3

387 1089 483 1137 siue
520 1105 600 1136 eas
636 1088 688 1135 in
722 1085 946 1134 manibus
980 1084 1158 1133 nostris
1193 1083 1493 1132 tenuerimus
1535 1081 1633 1131 fiue
1675 1100 1757 1131 eas
1792 1084 1901 1131 aliis
1942 1100 2234 1147 quocunque
2273 1085 2417 1132 modo
2486 1131 2489 1133 ,

387 1179 730 1229 tradiderimus
766 1206 776 1216 ·
818 1174 1130 1226 Promifimus
1172 1175 1328 1223 eciam
1367 1174 1497 1222 bona
1535 1174 1631 1221 fide
1672 1190 1762 1237 pro
1803 1174 1945 1222 nobis
1986 1182 2034 1222 61
2075 1173 2420 1222 suecessoribus
2480 1237 2485 1240 ξ
2515 1232 2518 1234 ,

387 1271 562 1320 nostris
587 1270 717 1334 quod
749 1268 848 1316 iam
880 1267 1060 1315 didsam
1092 1273 1275 1314 terram
1307 1264 1719 1313 varantizabimus
1751 1264 1879 1312 dicto
1912 1263 2119 1313 Valtero
2152 1272 2201 1312 et
2230 1264 2419 1312 heredi·

388 1366 478 1412 bus
502 1362 596 1410 suis
618 1377 708 1424 per
730 1361 886 1407 reaas
912 1357 1088 1405 diuisas
1111 1358 1218 1404 suas
1250 1373 1339 1420 per
1371 1371 1494 1419 quas
1527 1355 1687 1402 eidem
1719 1354 1927 1403 Valtero
1959 1355 2299 1419 perambulata
2331 1354 2422 1404 fuit

391 1462 439 1501 et
463 1451 644 1501 tradita
666 1448 969 1514 presentibus
991 1448 1119 1495 bone
1141 1446 1375 1494 memorie
1401 1474 1410 1484 ·
1440 1446 1490 1495 Gr
1513 1475 1523 1484 ·
1550 1446 1725 1494 abbate
1750 1445 1916 1492 nostro
1942 1476 1952 1485 ·
1977 1446 2021 1493 E
2046 1475 2057 1485 ·
2082 1445 2175 1510 [R]
2198 1447 2259 1494 de
2283 1445 2422 1494 Lam-

390 1543 533 1607 beley
558 1549 675 1589 tunc
698 1538 870 1587 Priore
898 1536 1154 1586 Clemente
1179 1543 1227 1584 et
1258 1535 1294 1584 J
1296 1537 1482 1583 ordano
1516 1552 1542 1583 e
1574 1536 1827 1610 monachis
1859 1536 2038 1584 nostris
2063 1553 2273 1584 vnacum
2298 1565 2308 1575 ·
2336 1536 2388 1585 H
2411 1565 2423 1576 ·
2484 1587 2486 1589 .

394 1632 642 1682 Cambron
667 1628 953 1678 vicecomite
978 1629 1039 1675 de
1064 1626 1240 1674 Forfar
1265 1633 1314 1674 et
1338 1625 1602 1690 Ranulpho
1622 1627 1683 1674 de
1707 1626 2020 1675 Strathechin
2037 1634 2085 1675 et
2103 1627 2268 1675 multis
2287 1627 2394 1675 aliis
2411 1657 2422 1666 -
2485 1620 2520 1671 5⁷?

392 1723 464 1771 Vt
488 1729 650 1770 autem
672 1720 766 1768 1166
791 1718 1027 1767 6011661110
1051 1717 1216 1765 nostra
1244 1716 1363 1765 ficut
1385 1717 1659 1780 predictum
1685 1719 1755 1765 est
1778 1717 1956 1766 futuris
1988 1718 2290 1782 temporibus
2320 1726 2427 1767 rata
2476 1694 2501 1737 ’,Γ

393 1818 679 1878 permaneat
700 1811 900 1874 presens
924 1809 1157 1872 scriptum
1179 1824 1268 1872 per
1299 1807 1444 1872 figilli
1477 1807 1630 1856 nostri
1661 1808 1886 1857 attentici
1921 1808 2276 1872 appositionem
2311 1809 2425 1858 faci·

394 1921 500 1952 mus
525 1901 748 1951 roborari
772 1901 971 1949 testibus
995 1898 1217 1948 Dionifio
1243 1899 1431 1947 decano
1457 1899 1518 1947 de
1537 1898 1713 1948 Forfar
1737 1899 1969 1964 magistro
1995 1928 2005 1938 ·
2036 1899 2085 1949 G
2103 1927 2114 1938 ·
2133 1900 2193 1948 de
2216 1895 2428 1949 Crafurd

395 1993 626 2059 magistro
662 1992 811 2040 Petro
847 1991 908 2038 de
950 1988 1252 2039 Castiltarris
1284 1989 1481 2037 domino
1522 1988 1727 2038 Serlone
1766 1990 1947 2039 clerico
1983 1991 2182 2039 domino
2219 1993 2427 2056 Magnus
2518 2003 2520 2006 '

399 2086 499 2133 filio
526 2067 715 2132 comitis
740 2081 937 2130 domino
963 2080 1009 2128 T
1034 2108 1045 2118 ·
1071 2079 1327 2128 Malherbe
1357 2079 1688 2146 [vicecomite]
1718 2081 1778 2129 de
1802 2080 1979 2129 Forfar
2003 2082 2201 2130 domino
2226 2081 2428 2147 Anegus

395 2175 495 2223 filio
522 2173 743 2223 comitis·
772 2171 822 2219 A
846 2199 856 2210 ·
878 2170 1140 2219 senescallo
1174 2170 1360 2218 domini
1396 2171 1583 2219 abbatis
1618 2171 1680 2219 de
1705 2171 1981 2220 Abirbroth
2017 2172 2235 2221 Keraldo
2270 2173 2430 2222 iudice

397 2265 582 2314 domini
606 2264 756 2328 Regis
781 2262 1062 2327 Margundo
1086 2261 1187 2309 filio
1215 2260 1342 2309 Albe
1368 2268 1417 2309 et
1442 2261 1601 2310 Ysaac
1625 2262 1686 2311 de
1711 2262 1887 2312 Forfar
1911 2291 1920 2301 ·

401 2512 701 2584 Concordia
732 2532 862 2579 inter
898 2529 1175 2594 episcopum
1212 2529 1617 2578 Aberdonensem
1652 2538 1701 2578 et
1737 2530 1961 2579 abbatem
1997 2531 2058 2579 de
2091 2530 2431 2580 Aberbrothoc

401 2626 461 2672 de
484 2623 718 2672 limitibus
739 2629 982 2670 terrarum
1007 2621 1068 2669 de
1095 2620 1384 2685 Tulachyrg
1409 2627 1457 2669 et
1485 2620 1682 2669 Achlek
1706 2648 1716 2658 ·

222 2793 359 2858 [307]
406 2786 579 2857 Anno
613 2806 780 2871 gracie
813 2802 1064 2853 millesimo
1100 2803 1427 2852 ducentefimo
1463 2803 1860 2869 quinquagesimo
1895 2811 2069 2868 quarto
2094 2804 2174 2852 die
2198 2803 2433 2853 Mercurii
2467 2788 2475 2840 s

405 2897 626 2960 proxima
648 2896 756 2960 post
778 2894 951 2943 festum
978 2893 1145 2943 Sancti
1171 2893 1362 2942 Thome
1387 2894 1613 2958 Apostoli
1638 2913 1747 2943 cum
1771 2901 1905 2943 mota
1929 2895 2042 2943 effet
2066 2894 2283 2943 diffenfio
2306 2895 2434 2943 inter
2467 2900 2470 2902 ’

408 2987 735 3035 venerabilem
756 2993 947 3050 patrem
972 3013 981 3024 ·
1007 2985 1048 3033 P
1072 3011 1082 3022 ·
1101 2984 1200 3032 Dei
1223 2985 1393 3050 gracia
1416 2985 1694 3049 episcopum
1718 2986 2120 3033 Aberdonensem
2152 2992 2201 3032 et
2225 2985 2432 3033 eiusdem

407 3077 502 3126 loci
528 3077 792 3140 capitulum
817 3094 876 3124 ex
896 3093 994 3124 una
1015 3083 1155 3139 parte
1180 3084 1228 3124 61
1254 3076 1383 3123 viros
1417 3075 1668 3140 religiosos
1693 3076 1939 3124 Abbatem
1963 3083 2012 3124 et
2038 3074 2350 3124 Conuentum
2373 3075 2432 3123 de

408 3167 710 3215 Abbirbroth
745 3183 804 3214 ex
840 3166 995 3215 altera
1027 3166 1170 3230 super
1205 3164 1370 3213 diuifis
1405 3172 1454 3214 et
1486 3165 1723 3215 limitibus
1758 3172 1888 3214 terre
1921 3166 1981 3214 de
2019 3165 2308 3230 Tulachyrg
2342 3181 2432 3228 que
