2554 3900
335 409 431 454 304
811 405 1234 455 REGISTRUM
1268 405 1364 454 DE
1401 405 1954 456 ABERBROTHOC.

337 545 385 585 et
424 537 526 585 eius
563 537 815 585 monachis
852 537 1097 585 conuersis
1136 544 1184 585 et
1223 538 1415 586 clericis
1450 539 1644 587 balliuis
1680 539 1760 587 seu
1797 539 2061 587 aetornatis
2101 541 2366 588 eorundem

336 627 644 677 venientibus
667 645 757 692 pro
781 628 1000 691 negociis
1025 634 1074 675 et
1098 627 1250 676 caufis
1285 629 1568 678 monasterii
1594 631 1826 693 quociens
1852 630 2144 679 aduenerint
2168 629 2367 695 fingulis

334 721 599 768 secundum
633 719 810 767 statum
845 718 982 766 suum
1022 734 1132 765 cum
1170 718 1356 766 familia
1391 704 1515 766 sua·
1550 720 1805 768 honestum
1842 720 2113 784 hospicium
2139 721 2368 769 videlicet

334 811 496 859 aulam
533 810 585 857 in
621 826 718 872 qua
753 808 955 856 honeste
994 809 1300 856 commedere
1341 810 1558 872 poterint
1594 827 1705 859 cum
1739 811 1913 859 menfis
1949 811 2162 860 trestulis
2188 819 2237 859 et
2261 812 2368 859 aliis

334 900 586 965 paratibus
616 926 627 936 ·
664 899 880 962 spensam
923 915 1034 946 cum
1073 897 1335 946 butellario
1375 916 1618 948 cameram
1660 901 1742 949 seu
1785 919 2003 950 cameras
2045 902 2126 950 vbi
2167 901 2367 950 honeste

333 991 569 1039 recubare
594 996 825 1054 poterunt
850 1016 859 1025 ·
898 989 1175 1052 Coquinam
1209 988 1461 1037 honestam
1497 998 1546 1039 et
1574 990 1816 1040 stabulum
1838 1009 1929 1056 pro
1954 993 2090 1056 equis
2115 994 2177 1040 ad
2201 1011 2368 1041 nume—

333 1100 441 1130 rum
466 1081 672 1146 triginta
706 1097 943 1144 equorum
980 1087 1028 1127 et
1062 1079 1193 1127 infra
1218 1110 1228 1120 -
1264 1078 1529 1128 Inuenient
1554 1081 1710 1145 eciam
1744 1082 1795 1129 in
1821 1083 2112 1131 aduentibus
2135 1084 2368 1146 prediffls

334 1173 473 1221 dietis
492 1172 709 1236 personis
727 1171 1019 1220 sufficienter
1043 1170 1200 1218 focale
1226 1177 1323 1218 tam
1349 1170 1400 1218 in
1421 1171 1534 1219 aula
1558 1179 1606 1220 et
1630 1172 1680 1219 in
1702 1190 1897 1221 camera
1915 1191 2061 1237 quam
2086 1174 2136 1222 in
2157 1175 2369 1238 coquina

307 1265 466 1312 albas
503 1263 731 1311 candelas
767 1263 827 1310 de
867 1263 980 1326 sepo
1030 1279 1124 1325 que
1159 1261 1408 1325 wlgariter
1448 1271 1796 1327 nuncupantur
1833 1264 2037 1313 candele
2074 1265 2134 1312 de
2169 1265 2326 1330 Parys
2356 1295 2366 1304 ·

331 1354 585 1403 leaesterium
610 1354 927 1405 stramentum
951 1353 1004 1401 in
1030 1353 1143 1401 aula
1174 1360 1223 1401 et
1259 1369 1454 1401 camera
1488 1361 1537 1401 et
1571 1354 1640 1401 sal
1671 1371 1761 1418 pro
1787 1354 1961 1403 menfis
1987 1384 1996 1394 ·
2038 1354 2136 1404 Sed
2161 1356 2194 1403 fi
2219 1358 2366 1406 abbas

331 1447 410 1495 vel
434 1444 662 1493 monachi
685 1444 755 1492 sui
782 1445 950 1493 clerici
975 1451 1058 1492 aut
1083 1443 1323 1492 attornati
1346 1443 1417 1491 sui
1439 1444 1647 1508 predicti
1673 1445 1801 1493 vltra
1823 1453 1922 1494 tres
1946 1450 2110 1494 no&es
2137 1447 2367 1496 continue

330 1536 560 1600 hospitati
596 1535 778 1584 fuerint
814 1535 968 1583 didus
1006 1535 1301 1592 malcolmus
1347 1535 1518 1598 sponsa
1562 1537 1646 1584 sua
1687 1545 1772 1586 aut
1813 1555 1980 1586 eorum
2021 1538 2227 1587 heredes
2269 1557 2367 1588 non

329 1628 629 1676 tenebuntur
651 1644 742 1691 pro
766 1627 853 1675 illa
876 1627 983 1675 vice
1009 1627 1072 1674 ad
1099 1626 1257 1674 focale
1283 1632 1331 1674 et
1356 1626 1490 1676 albas
1516 1627 1745 1676 candelas
1770 1655 1780 1664 ·
1804 1628 1886 1676 sed
1910 1629 2074 1678 omnia
2097 1629 2195 1678 alia
2218 1647 2370 1679 onera

329 1719 681 1783 subibunt'pro
716 1735 855 1767 mora
887 1718 1206 1782 personarum
1240 1717 1572 1781 predifiwrum
1609 1726 1658 1767 et
1682 1736 1851 1768 earum
1875 1720 2064 1768 familia
2087 1747 2097 1758 ·
2132 1720 2370 1772 Preterea

329 1828 440 1859 cum
463 1801 634 1858 nuncii
659 1810 738 1858 vel
763 1810 982 1859 cursores
1006 1809 1196 1857 abbatis
1220 1809 1581 1860 interuenerint
1601 1811 1665 1859 ad
1682 1810 2027 1875 hospitandum
2051 1812 2151 1861 fine
2177 1821 2368 1862 contra-

329 1903 542 1950 dictione
568 1901 891 1950 admittentur
917 1929 927 1939 ·
954 1901 1018 1948 ad
1041 1902 1258 1964 sumptus
1283 1906 1448 1947 tamen
1471 1916 1562 1963 pro
1597 1901 1794 1949 cibariis
1824 1902 1920 1949 suis
1945 1919 2046 1950 non
2070 1905 2368 1954 tenebuntur

329 1994 484 2042 distus
509 1992 802 2041 Malcolmus
838 1991 1009 2056 sponsa
1043 1991 1126 2039 sua
1161 1998 1245 2039 aut
1281 2006 1451 2038 eorum
1486 1990 1691 2040 heredes
1727 1992 1885 2040 diffius
1920 2010 2038 2041 vero
2074 1994 2368 2043 Malcolmus

329 2093 377 2132 et
413 2084 586 2147 sponsa
631 2084 715 2131 sua
759 2082 978 2146 predi&a
1025 2084 1106 2130 seu
1154 2099 1324 2131 eorum
1370 2080 1577 2131 heredes
1619 2083 1755 2131 nullo
1803 2085 1948 2132 modo
1996 2090 2152 2133 terras
2200 2087 2368 2135 domos

329 2183 377 2222 et
417 2173 676 2238 hostilagia
719 2173 941 2236 predi8ca
990 2174 1206 2222 vendent
1261 2174 1662 2241 impignorabunt
1721 2175 1803 2223 seu
1850 2176 2135 2226 alienabunt
2182 2179 2261 2226 vel
2307 2181 2367 2227 ad

327 2267 516 2312 firmam
556 2264 804 2312 dimittent
841 2264 990 2312 alicui
1027 2265 1232 2328 persone
1267 2266 1356 2316 nifi
1401 2269 1462 2316 de
1505 2267 1737 2315 consensu
1779 2267 1967 2330 abbatis
2004 2268 2087 2331 qui
2118 2285 2208 2332 pro
2249 2278 2368 2319 tem-

327 2373 446 2421 pore
487 2355 637 2403 fuerit
675 2381 685 2392 ·
719 2354 780 2402 In
805 2371 1015 2418 quorum
1056 2356 1275 2404 omnium
1316 2357 1644 2406 testimonium
1679 2358 1893 2421 presenti
1936 2366 2070 2407 carte
2113 2377 2368 2410 commune

329 2447 537 2511 sigillum
561 2445 764 2510 capituli
786 2445 941 2494 nostri
970 2447 1281 2496 concorditer
1304 2448 1509 2496 fecimus
1534 2448 1716 2512 apponi
1736 2478 1746 2487 ·
1765 2448 1912 2497 Teste
1933 2438 2106 2498 eodem
2125 2452 2365 2516 capitulo-

329 2538 436 2587 Nos
472 2538 624 2603 igitur
659 2536 953 2585 Malcolmus
989 2545 1038 2585 et
1072 2538 1333 2588 Elizabeth
1372 2540 1727 2605 gratitudinem
1767 2540 2008 2589 &storum
2044 2543 2369 2607 dompnorum

327 2629 604 2677 nostrorum
639 2627 900 2676 efficaciter
936 2629 1247 2678 attendentes
1281 2630 1610 2694 promittimus
1645 2639 1694 2681 et
1728 2648 1818 2679 nos
1854 2649 1912 2680 ac
1946 2632 2154 2681 heredes
2178 2634 2368 2682 nostros

329 2720 599 2785 obligamus
622 2719 829 2767 firmiter
851 2736 942 2783 per
964 2718 1212 2783 presentes
1247 2721 1310 2768 ad
1346 2722 1511 2770 omnia
1546 2729 1594 2771 et
1629 2721 1819 2787 fingula
1852 2723 1905 2771 in
1938 2724 2070 2772 dista
2094 2732 2230 2773 carta
2255 2743 2366 2773 con-

328 2819 465 2860 tenta
486 2811 698 2860 fideliter
723 2810 1026 2859 obseruanda
1050 2839 1060 2849 ·
1098 2810 1467 2860 Renunciantes
1505 2829 1595 2876 pro
1633 2813 1775 2879 nobis
1810 2822 1859 2863 et
1893 2814 2156 2864 heredibus
2191 2815 2367 2865 nostris

328 2903 673 2966 inperpetuum
698 2902 921 2950 omnibus
951 2901 1060 2950 aliis
1096 2902 1242 2951 cartis
1276 2903 1358 2951 seu
1393 2904 1709 2954 munimentis
1744 2905 2052 2954 mencionem
2075 2907 2366 2956 facientibus
2411 2956 2414 2960 ,
2544 2900 2553 2971 ’,ᾗ

2483 2966 2511 2992 „s

329 2995 390 3042 de
415 2992 555 3040 dietis
580 2993 723 3041 terris
748 2993 973 3041 domibus
998 3000 1046 3041 et
1079 2992 1347 3058 hostilagiis
1383 2993 1528 3058 vsque
1562 2996 1625 3044 ad
1663 2996 2021 3046 confectionem
2059 2998 2364 3062 presencium

328 3085 604 3132 litterarum
650 3113 659 3123 ·
709 3083 774 3133 Et
809 3083 845 3131 fi
880 3101 975 3148 que
1026 3084 1227 3133 inuente
1265 3085 1449 3134 fuerint
1485 3086 1564 3133 vel
1599 3086 1804 3135 inuenta
1840 3088 2063 3136 volumus
2104 3090 2170 3137 de⁴
2201 3097 2363 3156 cetero

330 3175 462 3241 quod
484 3175 665 3223 nullius
691 3175 782 3224 fint
805 3176 996 3224 roboris
1019 3176 1215 3240 penitus
1240 3183 1324 3226 aut
1347 3177 1590 3229 firmitatis
1626 3206 1635 3216 ·
1672 3178 1733 3228 In
1769 3179 1905 3230 cuius
1940 3180 2013 3230 rei
2037 3180 2361 3230 testimonium

2477 1628 2485 1656 21«
2477 1555 2485 1597 »Λα
2480 1524 2487 1537 ,ι
2484 1378 2486 1383 ,
2474 1354 2479 1357 *
2475 1272 2488 1306 μ’.
2472 1236 2486 1253 ‚J
2476 1203 2487 1221 s*
2479 1159 2486 1167 A
2480 1140 2481 1144 Α
2479 1079 2481 1083 λ
2483 1047 2485 1051 .
2487 956 2490 958 ,

2487 1512 2514 1660 ,ξῇἶε«,ν;ν;’,
2491 1454 2510 1495 ”si-2
2490 1393 2510 1437 2:¹¹*
2499 1357 2508 1377 z
2485 1174 2510 1342 ‹ujfrissf'sJ-*htfi
2486 1107 2506 1129 ¹³2
2496 1078 2502 1081 r
2494 1001 2497 1004 ⁸
2494 976 2511 984 J
2490 936 2509 963 ’ᾗ
2489 884 2491 888 ⁴
2505 813 2514 819 l
2496 777 2510 785 ς
2504 716 2506 718 ,
2507 656 2510 659 f
2503 615 2506 617 ,
2506 579 2508 582 ,
2511 515 2513 519 ἡ

2509 1655 2517 1667 η.
2507 1555 2517 1637 .<::÷-›
2510 1535 2513 1541 -
2509 1489 2514 1518 «ι
2508 1461 2511 1465 -
2509 1415 2511 1420 Δ
2510 1278 2513 1295 ι-
2509 1222 2513 1223 =
2510 975 2512 977 v
2510 876 2518 905 ,ιχ
2507 830 2516 859 ιε
2512 785 2515 787 «
2508 744 2513 746 ν
2510 630 2514 634 ‹

2510 2143 2521 2169 ,ξι
2506 2059 2520 2135 aaut.

2472 2442 2475 2449 ”
2476 2373 2480 2380 Γ
2475 2310 2490 2350 ἢῆ·
2471 2243 2491 2301 ’ἐξα
2478 2173 2490 2234 {arv-¹
2476 2124 2492 2169 ,ΨΜ
2476 2103 2489 2114 -αῑ

2494 2303 2521 2334 2„
2490 2109 2520 2281 wrrw‘
