2554 3900
376 417 473 467 298
817 411 1241 463 REGISTRUM
1275 411 1372 460 DE
1408 409 1960 460 ABERBROTHOC.

378 614 551 688 Carta
573 636 724 684 annui
747 635 969 684 redditus
993 635 1203 683 duarum
1225 649 1500 682 marcarum
1526 632 1587 681 de
1611 632 1845 680 Leuenax
1869 659 1879 668 ·
2076 638 2107 670 θ

192 797 332 863 [342]
378 797 553 869 Anno
576 817 742 882 gracie
764 814 1017 864 millefimo
1040 814 1379 863 trecentesimo
1401 813 1604 877 septimo
1629 813 1820 861 decimo
1855 840 1865 849 ·
1902 812 1963 860 In
1991 810 2111 859 festo
2135 810 2408 859 natiuitatis
2492 807 2512 855 .ss

380 909 546 959 Sanffi
568 909 603 957 J
606 907 811 956 ohannis
835 905 1053 970 Baptiste
1080 906 1212 970 apud
1235 903 1581 952 monasterium
1606 904 1667 951 de
1699 903 2047 952 Aberbrothoc
2081 903 2134 950 in
2157 903 2409 966 presencia
2496 900 2499 917 Γ

378 999 654 1049 sereniffimi
677 998 915 1063 principis
939 997 1141 1061 dompni
1165 995 1373 1045 Roberti
1395 994 1495 1043 Dei
1518 994 1688 1058 gracia
1718 994 1849 1058 regis
1883 993 2143 1043 Scotorum
2173 992 2374 1041 illustris
2399 1019 2408 1028 ·

375 1094 445 1142 ita
469 1098 766 1140 conuentum
791 1090 1142 1139 concordatum
1168 1095 1216 1136 et
1241 1088 1531 1136 affirmatum
1554 1085 1647 1133 fuit
1670 1085 1801 1133 inter
1824 1085 2040 1133 nobilem
2066 1085 2224 1133 virum
2258 1083 2408 1131 domi·

375 1201 493 1233 num
528 1182 863 1246 Malcolmum¹
883 1181 1110 1230 comitem
1145 1180 1206 1227 de
1240 1178 1474 1227 Leuenax
1510 1194 1570 1225 ex
1603 1183 1744 1241 parte
1781 1193 1878 1224 vna
1912 1185 1961 1224 et
1992 1175 2243 1240 religiosos
2279 1176 2410 1223 viros
2491 1239 2493 1246 ⁴

375 1278 599 1326 abbatem
632 1282 680 1323 et
713 1281 1007 1323 conuentum
1042 1273 1102 1320 de
1141 1269 1487 1320 Aberbrothoc
1525 1285 1586 1316 ex
1625 1268 1780 1316 altera
1818 1267 2045 1316 videlicet
2083 1267 2217 1331 quod
2235 1252 2409 1315 ,dicbus

375 1368 600 1416 dominus
625 1383 786 1414 comes
811 1365 982 1414 videns
1006 1381 1064 1412 ac
1087 1362 1368 1426 intelligens
1393 1361 1604 1424 quedam
1627 1338 1934 1407 munimenta
1965 1366 2014 1407 et
2047 1358 2227 1422 scripta
2259 1375 2409 1422 quon-

374 1460 486 1508 dam
521 1458 826 1521 maldoueny
863 1455 1052 1504 comitis
1088 1455 1148 1502 de
1182 1453 1417 1501 Leuenax
1452 1458 1501 1499 et
1536 1451 1743 1499 aliorum
1783 1450 2014 1499 comitum
2049 1451 2111 1498 de
2142 1449 2410 1498 Leueuaux
2492 1459 2513 1515 J

375 1550 522 1613 vsque
563 1550 627 1597 ad
672 1555 864 1611 tempus
912 1546 1050 1594 suum
1094 1561 1184 1609 per
1232 1543 1385 1591 dictos
1430 1541 1682 1606 religiosos
1730 1541 1928 1590 extensa
1964 1569 1976 1580 ·
2013 1540 2154 1605 super
2200 1549 2409 1604 quatuor

373 1643 527 1690 bobus
563 1640 743 1688 eisdem
778 1638 955 1686 debitis
989 1653 1083 1701 per,
1114 1635 1267 1684 dictos
1303 1633 1504 1683 comit-es
1540 1632 1793 1681 annuatim
1829 1639 1878 1680 et
1916 1649 2085 1680 eorum
2122 1632 2409 1681 successores
2484 1638 2514 1705 3
2542 1610 2551 1673 ,¹

373 1734 717 1796 inperpetuum
740 1747 832 1794 pro
855 1728 1165 1777 fraternitate
1190 1727 1362 1816 domus
1396 1725 1516 1772 sue.
1505 1726 1521 1756 ²
1548 1723 1860 1788 Recognouit
1894 1723 1941 1771 se
1978 1731 2026 1772 et
2060 1723 2266 1771 heredes
2303 1725 2410 1771 suos

373 1823 531 1872 teneri
556 1824 618 1871 ad
650 1821 947 1870 solucionem
975 1819 1214 1867 dictorum
1249 1817 1397 1865 boum
1431 1822 1633 1880 propter
1669 1815 1801 1878 quod
1835 1821 2068 1878 tanquam
2104 1814 2249 1862 homo
2282 1815 2410 1864 bone
2550 1795 2554 1864 l

372 1915 487 1964 fidei
511 1922 559 1963 et
581 1914 795 1978 perfe&e
820 1910 1097 1960 deuotionis
1130 1937 1140 1947 ·
1172 1908 1313 1957 dictis
1345 1905 1583 1971 religiosis
1616 1907 1676 1954 de
1710 1914 1920 1970 quatuor
1950 1906 2105 1954 bobus
2140 1906 2204 1954 ad
2236 1907 2409 1955 festum
2482 1882 2554 1974 ‘i'

372 2005 643 2055 natiuitatis
666 2004 885 2069 predicte
910 2002 1088 2051 debitis
1122 2000 1348 2049 satisfecit
1383 2028 1394 2038 ·
1431 1999 1497 2048 Et
1532 1999 1649 2062 quia
1684 1997 1812 2046 diao
1846 1998 2045 2046 domino
2078 1998 2246 2046 comiti
2279 1998 2409 2046 vide-
2486 2005 2535 2026 ‘

370 2099 515 2146 batur
553 2096 809 2144 onerosum
846 2097 863 2143 ἐ
901 2094 1053 2142 dictos
1088 2093 1239 2141 boues
1274 2090 1527 2139 annuatim
1561 2089 1839 2154 persoluere
1876 2092 1893 2137 τ’
1932 2090 2283 2137 concordatum
2318 2089 2410 2136 fuit
2481 2060 2510 2152 3

370 2189 502 2236 inter
525 2187 678 2236 dictos
704 2186 932 2235 comitem
958 2192 1006 2233 et
1031 2184 1163 2232 viros
1187 2182 1442 2247 religiosos
1467 2210 1477 2221 ·
1505 2183 1637 2246 quod
1667 2181 1768 2246 ipse
1802 2188 1850 2229 et
1881 2180 2089 2229 heredes
2119 2181 2191 2228 sui
2223 2181 2407 2229 dabunt

371 2281 432 2328 de
474 2286 638 2327 cetero
679 2277 818 2325 dietis
860 2275 1025 2325 abbati
1066 2282 1115 2323 et
1157 2273 1420 2322 conuentui
1469 2274 1723 2322 annuatim
1765 2299 1775 2309 ·
1817 2272 1881 2320 ad
1921 2272 2095 2320 festum
2136 2272 2409 2321 natiuitatis

375 2370 539 2420 Sancti
562 2369 598 2418 J
600 2368 806 2417 ohannis
830 2366 1047 2432 Baptiste
1072 2394 1083 2404 ·
1114 2382 1205 2430 pro
1230 2365 1372 2413 dietis
1404 2372 1614 2428 quatuor
1645 2365 1800 2412 bobus
1834 2365 1955 2412 duas
1990 2380 2183 2411 marcas
2216 2363 2407 2428 argenti
2534 2395 2535 2406 2

372 2461 503 2526 apud
532 2458 879 2508 monasterium
914 2459 975 2506 de
1008 2456 1442 2522 Cambuskynneth
1476 2483 1486 2494 ·
1522 2455 1687 2504 Priori
1719 2455 2035 2504 conuentuali
2067 2455 2279 2515 eiusdem
2308 2471 2406 2502 mo·
2534 2455 2535 2466 ³

370 2552 570 2601 nasterii
612 2552 673 2599 de
717 2548 1151 2615 Camhufkynneth
1190 2547 1387 2595 nomine
1428 2548 1665 2595 dictorum
1708 2547 1897 2595 abbatis
1936 2554 1985 2595 et
2026 2554 2298 2595 conuentus
2346 2546 2407 2594 de

370 2642 715 2692 Aberbrothoc
751 2669 761 2680 ·
798 2639 923 2689 Etsi
949 2639 1205 2703 contingat
1241 2639 1374 2701 quod
1408 2639 1529 2687 abfit
1565 2639 1747 2687 dictum
1784 2639 2036 2686 dominum
2066 2638 2294 2687 comitem
2329 2637 2407 2686 vel
2533 2643 2535 2704 3

368 2735 575 2784 heredes
598 2734 707 2782 suos
730 2733 782 2781 in
807 2732 1055 2781 solucione
1081 2731 1207 2779 dicte
1230 2729 1438 2794 pecunie
1463 2730 1572 2778 loco
1592 2737 1646 2778 et
1671 2729 1881 2777 termino
1907 2730 2084 2778 debitis
2115 2729 2167 2777 in
2200 2736 2304 2778 toto
2329 2728 2407 2777 vel
2476 2705 2489 2748 ἶ

369 2827 422 2874 in
455 2833 595 2890 parte
631 2825 841 2874 deficere
866 2851 877 2862 ·
900 2823 1069 2872 licebit
1104 2822 1246 2870 dietis
1278 2821 1442 2870 abbati
1474 2828 1522 2870 et
1555 2821 1822 2870 conuentui
1856 2821 1916 2868 de
1949 2820 2297 2869 Aberbrothoc
2329 2818 2406 2867 vel
2469 2804 2486 2837 ⁵¹*
2533 2809 2534 2863 Ῑ

370 2933 539 2965 eorum
563 2923 698 2964 certo
716 2917 978 3052 {ornato
1003 2914 1186 2962 dictum
1209 2912 1460 2960 dominum
1485 2911 1713 2961 comitem
1732 2919 1780 2960 et
1802 2911 2010 2960 heredes
2032 2911 2140 2959 suos
2166 2910 2264 2959 fine
2293 2927 2406 2959 con·
2471 2932 2475 2950 1

369 3005 661 3054 tradic‘cione
696 3022 725 3052 a
745 3021 861 3068 lqua
893 3021 985 3069 pro
1023 3003 1278 3052 voluntate
1315 3001 1399 3050 sua
1436 3002 1727 3068 distringere
1766 3019 1855 3067 per
1888 3003 2020 3051 bona
2055 3001 2170 3049 diffi
2207 3000 2405 3065 dompni
2480 2978 2485 3030 s

368 3096 557 3146 comitis
604 3104 653 3145 et
691 3096 930 3144 heredum
970 3095 1165 3143 suorum
1202 3094 1407 3142 inuenta
1442 3093 1584 3157 super
1624 3101 1781 3142 terras
1815 3094 2029 3158 ipsorum
2064 3110 2184 3157 quas
2223 3093 2406 3141 habent
2532 3085 2534 3096 ’

365 3188 496 3237 infra
526 3187 924 3236 vicecomitatum
957 3187 1019 3235 de
1058 3184 1376 3260 Streueling·
1402 3192 1450 3234 et
1488 3184 1616 3233 diaa
1652 3185 1783 3234 bona
1822 3185 2068 3234 adducere
2107 3191 2155 3233 et
2192 3184 2404 3233 vendere
