2554 3900
393 425 490 475 264
792 455 798 459 -
836 420 1258 471 REGISTRUM
1291 419 1387 468 DE
1423 415 1975 466 ABERBROTHOC.

391 559 439 604 se
463 553 781 604 iurisdifztioni
806 552 1017 617 episcopi
1042 551 1213 600 arbitri
1246 550 1507 614 superioris
1533 556 1584 596 vt
1617 548 1747 595 idem
1784 546 2036 610 episcopus
2070 542 2211 608 poffit
2233 554 2421 609 partem

392 643 684 692 resilientem
709 642 770 689 ab
793 641 996 689 arbitrio
1030 657 1119 703 per
1153 638 1442 687 sententiam
1475 638 1792 702 suspensionis
1829 635 2347 685 excommunicationis
2377 646 2424 685 et

393 733 643 783 interdiffl
681 731 973 796 compellere
1009 746 1187 794 penam
1224 728 1412 776 soluere
1451 727 1743 776 commissam
1778 728 1908 791 parti
1944 726 2128 775 volenti
2171 726 2425 775 arbitrium

395 826 652 873 obseruare
677 851 687 861 ·
724 821 785 869 In
810 821 947 868 cuius
970 820 1044 867 rei
1077 818 1408 867 testimonium
1443 818 1664 866 confefita
1694 817 1804 865 sunt
1829 817 1926 865 duo
1951 815 2275 863 instrumenta
2297 816 2425 864 idem

394 915 454 962 de
479 914 628 962 verbo
669 912 733 960 ad
770 911 971 958 verbum
1014 908 1318 956 continentia
1358 923 1567 970 quorum
1603 923 1753 955 vnum
1788 907 2029 971 signatum
2062 905 2217 970 sigillo
2242 906 2427 954 domini

394 1002 622 1067 Episcopi
645 997 1008 1050 Aberdonenfis
1047 1005 1095 1045 et
1133 997 1337 1061 capituli
1373 998 1588 1046 residens
1625 1013 1776 1060 penes
1815 996 2068 1044 dominum
2096 995 2342 1044 Abbatem
2381 1006 2427 1045 et

398 1093 708 1142 Conuentum
734 1091 794 1138 de
819 1087 1095 1137 Abirbroth
1129 1094 1177 1135 et
1212 1087 1347 1135 aliud
1381 1087 1620 1152 signatum
1655 1086 1812 1151 sigillo
1849 1086 2096 1133 communi
2137 1085 2345 1135 Abbatis
2378 1096 2425 1136 et

397 1183 683 1231 Conuentus
724 1181 784 1228 de
809 1177 1084 1228 Abirbroth
1108 1184 1330 1226 remanet
1353 1193 1504 1241 penes
1539 1176 1783 1241 predibtos
1808 1175 2031 1223 dominos
2056 1175 2353 1240 Episcopum
2378 1185 2426 1225 et

397 1272 680 1337 Capitulum
706 1269 1106 1319 Aberdonensem
1136 1298 1145 1307 ·

394 1522 712 1606 Preceptum
761 1540 1036 1589 Alexandri
1082 1540 1143 1587 de
1190 1538 1433 1587 Wallibus
1479 1554 1570 1602 pro
1618 1538 1822 1586 dimidia
1867 1555 2034 1588 marca
2079 1539 2313 1588 soluenda
2370 1543 2428 1590 de
2511 1535 2513 1540 ’

394 1634 675 1682 molendino
701 1633 762 1680 de
787 1631 1046 1679 Hadinton
1073 1660 1082 1669 -

210 1804 355 1873 [308]
399 1794 709 1864 Alexander
741 1815 801 1862 de
825 1813 1068 1862 Wallibus
1103 1812 1242 1860 miles
1278 1812 1454 1860 dileeto
1491 1818 1540 1859 et
1573 1811 1708 1860 fideli
1743 1813 1932 1861 tenenti
1968 1814 2053 1877 qui
2086 1830 2177 1877 pro
2213 1821 2429 1878 tempore

397 1904 731 1952 molendinum
753 1904 889 1951 suum
913 1903 1128 1952 tenuerit
1151 1903 1354 1952 salutem
1377 1902 1429 1950 in
1447 1901 1666 1950 Domino
1690 1930 1700 1941 ·
1726 1902 2020 1952 Mandamus
2045 1904 2135 1953 tibi
2159 1912 2207 1953 et
2225 1904 2430 1953 firmiter

395 1995 691 2059 precipimus
721 1995 948 2058 quatinus
978 1995 1097 2043 viris
1128 1994 1364 2059 religiosis
1399 1993 1563 2042 abbati
1599 2000 1647 2041 et
1684 1995 1950 2043 conuentui
1985 1995 2045 2043 de
2081 1995 2428 2044 Aberbrothoc

398 2085 476 2132 vel
516 2102 685 2132 eorum
723 2092 858 2133 certo
900 2092 1148 2134 attornato
1188 2085 1436 2149 presentes
1476 2084 1666 2132 litteras
1708 2085 1950 2134 deferenti
1990 2103 2136 2134 vnam
2177 2086 2428 2135 dimidiam

398 2192 612 2223 marcam
635 2176 828 2240 argenti
853 2175 1050 2240 singulis
1075 2177 1217 2223 annis
1242 2176 1306 2224 ad
1339 2175 1512 2223 festum
1550 2174 1714 2249 SanEti
1736 2175 1957 2224 ⁴Martini
1991 2178 2043 2224 in
2079 2182 2219 2242 yeme
2253 2178 2304 2225 in
2336 2195 2430 2241 qua

400 2266 539 2313 diais
573 2266 810 2331 religiosis
845 2275 1068 2315 tenemur
1103 2267 1367 2315 secundum
1402 2273 1623 2314 tenorem
1659 2274 1907 2315 cartarum
1943 2266 2294 2315 antecessorum
2328 2269 2430 2315 nos-

400 2362 588 2403 trorum
611 2357 671 2404 de
702 2357 844 2404 firma
877 2356 1148 2407 molendini
1182 2357 1336 2403 nostri
1373 2357 1433 2404 de
1470 2355 1729 2405 Hadinton
1763 2357 1945 2405 habere
1980 2358 2130 2406 facias
2166 2366 2214 2406 et
2248 2358 2431 2407 soluere

401 2462 501 2493 non
526 2447 832 2495 contradicas
857 2475 867 2485 ·
893 2447 1139 2511 presentes
1163 2447 1353 2495 litteras
1378 2446 1517 2495 (116115
1540 2446 1778 2511 religiosis
1808 2465 1898 2512 per
1931 2464 2099 2496 eorum
2133 2455 2430 2496 attornatum
2462 2446 2467 2450 ’

403 2536 698 2584 10111111οηᾱο
722 2564 732 2574 ·
757 2537 817 2584 In
857 2538 995 2585 cuius
1032 2537 1105 2585 rei
1143 2537 1472 2585 testimonium
1510 2537 1699 2586 litteras
1734 2538 1924 2587 nostras
1959 2539 2317 2587 tibi‘mittimus
2350 2557 2430 2603 pa—

404 2631 560 2672 tentes
585 2653 595 2663 ·
621 2624 808 2674 Datum
843 2627 972 2690 apud
1007 2625 1209 2676 Dirlton
1244 2644 1373 2675 anno
1408 2628 1614 2676 Domini
1645 2629 1890 2679 millesimo
1921 2629 2249 2678 ducentesimo
2277 2630 2429 2695 septu-

404 2713 611 2778 agesimo
639 2743 648 2753 ·
