2554 3900
381 437 476 487 268
824 437 1249 488 REGISTRUM
1282 437 1378 490 DE
1414 434 1968 486 ABERBROTHOC.

378 569 712 633 predi8wrum
760 569 1080 617 terminorum
1127 568 1412 616 satiffasstum
1451 571 1468 616 :¹
1505 568 1688 615 dictum
1723 566 2065 615 Alexandrum
2114 572 2163 614 et
2210 565 2416 614 heredes

384 660 492 708 suos
515 677 616 707 non
640 660 882 708 soluentes
907 661 968 708 ab
994 658 1208 725 ingress'u
1233 658 1433 707 ecclefie
1465 659 1757 722 suspendere
1784 689 1794 699 ·
1821 666 1870 706 et
1904 658 1940 705 fi
1974 657 2105 705 idem
2131 656 2418 705 Alexander

382 751 462 798 uel
491 750 695 798 heredes
727 750 798 798 sui
821 750 1126 814 postmodum
1154 766 1244 812 per
1268 730 1450 797 dictum
1471 748 1684 796 mensem
1717 748 1768 796 in
1794 748 1923 796 dieta
1944 747 2248 811 suspensione
2273 747 2417 795 dura—

385 842 549 890 uerint
580 870 591 880 ·
621 840 814 888 Licebit
837 839 964 887 dicto
997 839 1221 902 episcopo
1246 838 1592 888 archidiacono
1617 847 1666 888 et
1699 855 1869 887 eorum
1905 839 2192 888 officialibus
2227 839 2419 887 eosdem

386 932 635 979 dominum
673 931 1015 979 Alexandrum
1052 937 1100 977 et
1136 929 1343 977 heredes
1379 930 1488 977 suos
1525 946 1626 977 non
1668 928 1910 977 soluentes
1942 929 2191 977 sentencia
2228 945 2419 977 excom-

385 1021 728 1070 municationis
767 1021 1009 1068 innodare
1051 1049 1061 1059 ·
1105 1020 1238 1083 quod
1278 1018 1310 1066 fl
1358 1036 1451 1067 nec
1492 1019 1554 1067 de
1599 1018 1820 1082 predicta
1860 1019 2004 1066 firma
2048 1019 2366 1068 satisfecerint
2407 1048 2417 1057 ·

385 1111 555 1159 Liceat
593 1110 816 1174 episcopo
856 1109 1203 1159 archidiacono
1242 1109 1322 1157 uel
1364 1126 1533 1157 eorum
1571 1108 1855 1157 officialibus
1895 1126 1986 1173 per
2023 1109 2169 1157 huius
2207 1127 2418 1158 conuen-
2504 1101 2526 1162 3³

385 1202 531 1251 tionis
567 1201 914 1265 obligationem
951 1218 1118 1249 omnes
1151 1200 1393 1264 predictas
1428 1208 1586 1248 terras
1621 1200 1910 1249 au&oritate
1952 1201 2227 1265 dyocesana
2267 1201 2419 1249 eccle·
2498 1203 2522 1249 ς’

386 1293 571 1341 fiastico
613 1294 881 1356 subponere
921 1292 1182 1341 interdieto
1220 1292 1291 1340 ita
1332 1293 1464 1355 quod
1507 1292 1635 1340 dieta
1673 1292 1916 1340 sententia
1954 1292 1989 1339 fi
2035 1292 2137 1341 lata
2175 1292 2324 1340 fuerit
2369 1293 2420 1340 in

385 1383 592 1447 persona
613 1399 706 1431 nec
731 1383 886 1431 eciam
920 1382 1161 1431 sententia
1197 1382 1442 1430 interdiffi
1476 1382 1529 1430 in
1565 1382 1710 1430 terris
1735 1382 1833 1431 vllo
1857 1383 2003 1444 modo
2029 1382 2192 1447 aliquo
2215 1383 2323 1431 iure
2347 1401 2420 1431 re·
2507 1384 2527 1447 [21

385 1473 628 1522 laxabitur
653 1474 810 1521 donec
844 1474 1077 1537 predictis
1113 1473 1276 1521 abbati
1312 1481 1361 1521 et
1396 1474 1664 1522 conuentui
1699 1474 1760 1521 de
1798 1473 1938 1522 totali
1972 1473 2114 1521 firma
2151 1481 2204 1522 vt
2241 1474 2422 1523 di&um

386 1565 456 1612 est
479 1565 531 1612 in
557 1565 780 1612 omnibus
805 1564 952 1614 fuerit
975 1564 1198 1628 plenarie
1222 1565 1512 1613 satisfactum
1537 1593 1547 1604 ·
1578 1563 1827 1614 Conuenit
1851 1564 1999 1612 etiam
2022 1564 2154 1612 inter
2177 1565 2421 1629 predictas

386 1656 516 1719 quod
556 1654 591 1702 fi
631 1655 780 1704 fuerit
822 1655 1049 1723 ceffatum
1088 1656 1140 1703 in
1177 1656 1416 1704 solutione
1458 1655 1584 1704 diste
1624 1655 1763 1704 firme
1802 1672 1899 1719 xper
1936 1663 2145 1719 quatuor
2187 1656 2422 1704 terminos
2511 1640 2518 1692 Ϊ

386 1745 616 1793 continue
641 1745 720 1793 vel
751 1762 849 1793 non
874 1746 1105 1794 continue
1128 1763 1218 1810 per
1243 1746 1436 1795 diuersa
1459 1753 1683 1810 tempora
1705 1753 1905 1810 recepto
1929 1746 2207 1794 iuramento
2232 1747 2420 1795 abbatis

385 1843 433 1884 et
474 1836 909 1900 suprascriptorum
943 1865 953 1876 ·
991 1854 1158 1885 omnes
1204 1837 1423 1902 predicte
1464 1844 1597 1884 terre
1637 1835 1738 1884 fine
1776 1836 1910 1884 omni
1949 1836 2301 1900 impedimento
2328 1837 2421 1886 „vel

384 1926 766 1974 contradictione
809 1927 872 1975 ad
910 1929 1262 1992 proprietatem
1304 1929 1476 1976 domus
1518 1928 1580 1976 de
1621 1927 1971 1976 Aberbrothoc
2012 1935 2061 1976 et
2107 1928 2170 1976 ad
2215 1928 2420 1995 liberam
2495 1913 2525 1976 {73

382 2017 569 2066 abbatis
594 2025 642 2066 et
675 2026 947 2067 conuentus
979 2019 1104 2068 dicite
1140 2021 1313 2068 domus
1349 2020 1709 2084 dispofitionem
1744 2019 1844 2068 fine
1880 2020 2166 2069 difficultate
2203 2020 2420 2084 qualibet

382 2109 590 2157 debeant
626 2109 788 2157 redire
828 2127 938 2158 cum
977 2111 1118 2160 totali
1155 2112 1297 2160 firma
1333 2112 1660 2161 terminorum,
1703 2112 1976 2176 elapsorum
2019 2096 2122 2160 *non
2169 2112 2326 2160 soluta
2371 2120 2420 2160 et
2547 2123 2549 2172 j

381 2200 528 2247 abbas
553 2207 601 2248 et
626 2208 896 2249 conuentus
930 2203 1137 2267 predicti
1172 2211 1353 2252 extunc
1386 2221 1486 2252 non
1520 2204 1742 2252 obstante
1773 2203 1866 2251 ista
1889 2203 1968 2252 vel
2003 2219 2299 2267 quacunque
2324 2202 2421 2251 alia
2494 2201 2519 2241 ⁴⁴

382 2290 715 2339 conuencione
738 2291 951 2341 habeant
975 2293 1180 2341 liberam
1204 2294 1487 2343 facultatem
1508 2302 1557 2344 et
1579 2295 1874 2360 potestatem·
1889 2294 2179 2359 disponendi
2199 2294 2260 2343 de
2280 2293 2419 2342 dictis

382 2380 525 2427 terris
559 2398 649 2444 pro
675 2383 926 2432 voluntate
959 2385 1042 2433 sua
1075 2386 1341 2434 secundum
1366 2386 1498 2450 quod
1534 2386 1708 2434 melius
1732 2385 1819 2434 fibi
1845 2386 2060 2434 viderint
2085 2385 2316 2449 expedire
2342 2385 2420 2432 vel

382 2488 464 2519 eas
498 2471 548 2519 in
584 2473 785 2536 propria
806 2490 955 2522 manu
990 2482 1159 2525 tenere
1184 2477 1265 2525 uel
1301 2477 1576 2541 cuicunque
1601 2477 1849 2526 voluerint
1873 2478 1937 2525 ad
1970 2477 2160 2524 firmam
2185 2477 2382 2525 tradere
2407 2505 2416 2514 ·

382 2561 460 2609 Ita
484 2563 615 2625 quod
639 2563 793 2611 di&us
817 2559 1105 2615 Alexander
1129 2576 1177 2616 et
1200 2567 1407 2616 heredes
1431 2569 1503 2616 sui
1528 2568 1780 2617 occasione
1803 2567 1948 2616 huius
1974 2567 2053 2616 vel
2086 2567 2417 2631 cuiuscunque
2485 2575 2506 2615 3³

382 2653 581 2702 alterius
606 2655 947 2704 conuentionis
973 2674 1032 2706 ex
1056 2666 1176 2707 tunc
1199 2659 1389 2707 nullum
1422 2659 1498 2707 ius
1525 2659 1604 2707 vel
1627 2658 1897 2707 dominium
1931 2658 1984 2705 in
2017 2657 2250 2721 predictis
2274 2657 2420 2706 terris
2501 2675 2505 2682 ’-

380 2744 460 2791 vel
488 2744 540 2791 in
565 2744 729 2808 aliqua
750 2746 996 2809 particula
1017 2749 1349 2812 predictarum
1378 2757 1623 2809 terrarum
1648 2749 1812 2812 aliquo
1837 2748 1980 2797 titulo
2007 2748 2086 2795 vel
2117 2747 2280 2811 aliquo
2312 2748 2419 2795 iure
2473 2726 2507 2807 ’,1Ῑέ

380 2833 466 2882 fibi
499 2834 674 2898 poffint
708 2837 973 2886 vendicare
998 2866 1008 2876 ·
1039 2839 1126 2887 nifi
1159 2857 1249 2904 per
1273 2841 1456 2888 diuum
1490 2840 1718 2888 comitem
1749 2839 1831 2888 uel
1864 2838 2072 2887 heredes
2107 2838 2216 2886 suos
2252 2838 2417 2902 aliquo

381 2931 597 2987 tempore
631 2926 791 2974 medio
817 2927 946 2976 dicta
979 2929 1121 2977 firma
1153 2946 1242 2993 per
1276 2938 1459 2979 terram
1497 2930 1614 2978 alibi
1639 2912 1718 2978 vel
1753 2947 1841 2994 per
1871 2930 1969 2978 alia
2002 2931 2133 2978 bona
2161 2930 2222 2978 de
2248 2929 2419 2976 volun-
2488 2954 2489 2981 3

380 3022 480 3062 tate
511 3015 589 3062 vel
613 3017 843 3066 consensu
876 3019 1092 3083 partium
1126 3021 1336 3085 gratiose
1378 3020 1649 3069 redimatur
1673 3048 1683 3058 ·
1708 3021 1775 3069 Et
1809 3021 1873 3070 ad
1911 3020 2137 3085 premifi'a
2171 3021 2335 3068 omnia
2370 3027 2418 3067 et

379 3103 566 3169 fingula
610 3107 819 3156 fideliter
866 3116 914 3157 et
965 3111 1228 3159 efficaciter
1276 3113 1491 3160 tenenda
1537 3119 1586 3160 et
1638 3113 1943 3160 obseruanda
1989 3112 2144 3160 dictus
2193 3112 2417 3160 dominus

381 3194 664 3244 Alexander
687 3197 783 3246 fide
806 3199 969 3248 media
990 3201 1042 3248 in
1079 3218 1225 3250 manu
1253 3202 1442 3251 abbatis
1476 3201 1679 3266 prestita
1711 3202 1758 3250 se
1783 3203 2021 3267 obligauit
2050 3203 2292 3251 affirmans
2327 3219 2417 3266 pro
