2554 3900
841 432 1132 483 CARTAE
1170 434 1623 490 ORIGINALES.
2152 456 2248 500 335

221 580 301 612 eas
336 563 387 610 in
422 564 647 612 manibus
685 563 862 612 nostris
901 565 1201 613 tenuerimus
1242 566 1338 615 flue
1377 585 1457 616 eas
1482 569 1590 618 aliis
1617 589 1907 639 quocunque
1931 580 2075 627 modo
2099 582 2244 630 tradi·

220 654 433 703 derimus
458 682 468 693 ·
503 654 818 703 Promifimus
854 656 1008 704 eciam
1044 657 1175 705 bona
1209 657 1304 706 fide
1340 675 1430 722 pro
1464 660 1604 708 nobis
1635 669 1684 710 et
1707 663 2047 717 successoribus
2071 671 2245 719 nostris

219 761 252 808 q
290 745 387 792 iam
429 745 606 793 diaam
648 751 833 794 terram
874 746 1286 796 varantizabimus
1332 758 1599 799 memorato
1638 752 1860 803 Waltero
1901 766 1950 806 et
1988 758 2245 809 heredibus

219 834 312 882 suis
337 861 346 871 ·
381 834 479 883 Per
503 837 662 883 rectas
687 835 864 883 diuisas
889 836 996 884 suas
1031 854 1120 901 per
1145 855 1264 901 quas
1297 839 1453 887 eidem
1480 841 1703 891 Waltero
1726 848 2060 908 perambulata
2084 851 2173 900 fuit
2197 861 2244 900 et

217 925 400 974 tradita
422 925 735 974 Presentibus
758 927 886 974 bone
918 928 1152 976 memorie
1180 929 1406 979 Gilberto
1442 932 1615 980 abbate
1647 934 1813 984 nostro
1839 945 1888 985 et
1912 937 2159 988 Richardo
2183 942 2242 989 de

177 1004 181 1007 ⁵
216 1017 482 1083 Lambeley
511 1025 630 1066 tunc
667 1017 841 1066 Priore
880 1018 1045 1066 nostro
1086 1019 1341 1069 Clemente
1380 1029 1428 1068 et
1451 1021 1675 1071 Jordano
1713 1034 1762 1074 et
1786 1026 1947 1075 Adam
1985 1031 2242 1084 monachis

217 1108 427 1157 nostris!
451 1125 550 1156 una
574 1125 684 1157 cum
711 1107 935 1157 Henrico
963 1109 1242 1159 Cambrone
1279 1110 1568 1160 vicecomite
1603 1113 1664 1162 de
1699 1114 1875 1164 Forfar
1910 1126 1958 1166 et
1983 1118 2242 1184 Ranulpho

215 1202 276 1249 de
303 1199 636 1265 Strathechyn
661 1207 710 1249 et
734 1200 901 1249 multis
925 1201 1034 1249 aliis
1059 1228 1069 1238 ·
1104 1202 1177 1251 Ut
1211 1207 1373 1249 autem
1407 1201 1499 1250 hec
1535 1205 1771 1253 conceflio
1806 1208 1971 1256 nostra
1994 1209 2112 1259 ficut
2135 1228 2242 1275 pre-

215 1291 395 1340 di&um
420 1290 491 1339 est
513 1291 691 1339 futuris
716 1290 1017 1354 temporibus
1053 1298 1162 1339 rata
1193 1300 1480 1355 permaneat
1514 1294 1710 1357 presens
1739 1296 1963 1361 scriptum
1989 1316 2078 1363 per
2102 1299 2241 1365 figilli

214 1382 367 1431 nostri
391 1381 630 1431 autentici
654 1380 1010 1446 appoficionem
1035 1382 1239 1430 fecimus
1262 1383 1486 1432 roborari
1510 1411 1521 1421 ·
1558 1384 1784 1435 Testibus
1808 1387 2031 1437 Dionifio
2055 1391 2240 1439 decano

215 1475 275 1522 de
299 1473 476 1522 Forfar
499 1472 740 1538 magistro
770 1472 997 1522 Gilberto
1022 1474 1083 1521 de
1110 1472 1371 1522 Crawfurd
1400 1475 1639 1540 magistro
1663 1476 1811 1526 Petro
1836 1479 1896 1528 de
1923 1479 2242 1530 Castellstaris

213 1565 431 1614 Domino
463 1563 667 1614 Serlone
703 1563 886 1612 clerico
923 1563 1141 1612 Domino
1181 1568 1368 1630 magno
1408 1566 1509 1614 filio
1552 1566 1759 1616 Comitis
1797 1567 2013 1618 Domino
2053 1571 2244 1620 Thoma

214 1655 473 1705 Malherbe
514 1655 824 1704 Vicecomite
865 1655 926 1703 de
966 1654 1142 1704 Forfar
1181 1655 1400 1704 Domino
1442 1657 1647 1723 Anegus
1691 1658 1793 1707 filio
1836 1658 2040 1710 Comitis
2079 1663 2241 1711 Adam

217 1746 492 1797 Senescallo
511 1745 716 1794 Domini
736 1746 947 1794 Abbatis
966 1746 1026 1794 de
1046 1745 1406 1811 Abyrbrothok
1425 1747 1646 1797 Keraldo
1665 1748 1701 1797 J
1702 1749 1843 1798 udice
1868 1749 2069 1799 Domini
2094 1752 2243 1818 Regis

212 1838 496 1903 COorgundo
519 1837 621 1886 filio
640 1837 772 1886 Albe
797 1845 847 1885 et
866 1836 1023 1886 Ysaac
1048 1837 1109 1885 de
1127 1837 1304 1886 Forfar
1323 1865 1332 1875 ·
1359 1837 1720 1903 Quamquidem
1742 1839 1942 1889 Cartam
1966 1859 2053 1890 nos
2076 1843 2241 1892 habito

212 1909 458 1993 solempni·
484 1930 695 1977 tractatu
732 1936 782 1977 et
828 1929 1040 1977 utilitate
1079 1928 1368 1984 monasterii
1409 1928 1561 1977 nostri
1606 1930 1805 1994 pensata
1844 1931 1894 1979 in
1931 1932 2151 1981 omnibus
2193 1943 2242 1982 et

212 2019 411 2084 singulis
448 2020 668 2068 articulis
697 2019 792 2068 suis
815 2019 1072 2068 laudamus
1107 2019 1431 2083 approbamus
1466 2020 1762 2069 ratificamus
1803 2029 1852 2070 et
1887 2038 1977 2086 pro
2018 2023 2156 2072 nobis
2194 2032 2241 2072 et

213 2111 555 2160 successoribus
607 2111 785 2159 nostris
832 2111 1022 2175 prefato
1068 2109 1104 2158 J
1106 2110 1288 2158 ohanni
1335 2110 1597 2159 heredibus
1643 2111 1736 2160 suis
1790 2120 1959 2161 tenore
2005 2113 2241 2177 presentis

210 2202 377 2266 scripti
422 2202 712 2266 inppetuum
759 2201 1104 2249 confirmamus
1149 2200 1436 2250 adiicientes
1478 2209 1679 2266 propter
1725 2203 1854 2251 bona
1897 2203 2082 2259 merita
2126 2205 2241 2253 diai

210 2293 246 2342 J
248 2293 456 2342 ohannis
480 2311 514 2358 q
538 2294 599 2342 de
625 2302 789 2342 cetero
821 2293 921 2356 ipse
948 2303 996 2340 et
1027 2292 1233 2340 heredes
1257 2291 1328 2340 sui
1351 2293 1560 2341 debeant
1594 2293 1786 2348 molere
1818 2294 1880 2341 ad
1914 2294 2240 2343 molendinum

211 2384 429 2432 nostrum
455 2384 516 2433 de
541 2384 776 2450 Kyrkton
802 2384 863 2432 de
889 2382 1236 2448 Kyngoldrum
1259 2383 1458 2431 bladum
1481 2384 1617 2432 suum
1642 2383 1861 2432 crescens
1884 2384 1935 2432 in
1960 2384 2089 2433 dicta
2111 2392 2242 2433 terra

213 2477 274 2524 de
311 2474 495 2541 Kenny
519 2492 610 2540 pro
644 2477 789 2542 domo
830 2476 915 2523 sua
945 2474 1147 2539 propria
1185 2473 1366 2522 ibidem
1403 2481 1541 2522 tenta
1575 2472 1846 2522 Reddendo
1880 2491 1970 2538 pro
2006 2475 2242 2523 mulam-a

213 2584 359 2615 unam
384 2566 597 2615 firlotam
621 2568 682 2616 de
707 2567 875 2615 celdra
898 2574 1087 2615 tantum
1125 2572 1174 2614 et
1207 2563 1429 2611 homines
1467 2561 1612 2626 ipfius
1647 2562 1889 2611 Johannis
1926 2573 1975 2613 et
2008 2564 2240 2613 heredum

212 2659 405 2706 suorum
444 2658 624 2706 dietam
659 2665 844 2706 terram
876 2659 938 2706 de
974 2657 1157 2721 Kenny
1198 2653 1527 2702 inhabitantes
1562 2653 1772 2702 debeant
1808 2653 1990 2702 molere
2015 2655 2077 2702 ad
2112 2654 2240 2703 idem

213 2749 546 2799 molendinum
570 2749 789 2798 nostrum
808 2749 1009 2797 bladum
1032 2747 1169 2796 suum
1194 2745 1414 2795 crescens
1437 2744 1490 2791 in
1513 2743 1643 2793 diaa
1666 2752 1799 2793 terra
1822 2745 1883 2792 de
1907 2743 2088 2809 Kenny
2113 2745 2240 2793 Red-

214 2840 375 2888 dendo
409 2857 500 2904 pro
538 2840 781 2889 mul&ura
804 2840 1059 2888 dimidiam
1093 2838 1274 2887 bollam
1299 2837 1359 2884 de
1384 2835 1549 2883 celdra
1579 2842 1768 2883 tantum
1793 2843 1842 2883 et
1864 2835 1915 2883 in
1939 2836 2090 2899 spatio
2115 2852 2241 2884 com-

211 2931 400 2995 petenti
423 2931 555 2980 inter
577 2932 855 2981 husbandos
879 2931 1070 2979 nostros
1085 2957 1095 2966 ·
1120 2929 1180 2978 In
1206 2927 1342 2977 cuius
1365 2926 1437 2974 rei
1462 2925 1787 2974 testimonium
1812 2933 2016 2974 comune
2035 2925 2239 2990 figillum

212 3022 431 3070 nostrum
468 3023 681 3086 presenti
722 3023 901 3086 scripto
943 3020 1255 3070 concorditer
1300 3017 1605 3082 apposuimus
1644 3016 1696 3063 in
1738 3016 1950 3079 capitulo
1985 3016 2148 3064 nostro
2180 3017 2240 3064 de

214 3113 572 3177 Abyrbrothok
596 3113 751 3162 tercio
776 3113 855 3161 die
879 3112 1049 3163 (oensis
1084 3107 1382 3175 Septembris
1413 3123 1543 3155 anno
1576 3107 1743 3171 gracie
1774 3105 2020 3155 ‹oillefimo
2055 3114 2239 3155 trecen-

214 3201 380 3251 tefimo
404 3202 803 3268 quinquagefimo
828 3203 988 3267 primo
1015 3202 1162 3250 Teste
1188 3201 1357 3250 eodem
1386 3198 1614 3262 Capitulo
1639 3227 1648 3235 -
