2554 3900
626 416 1050 470 REGISTRUM
1082 416 1179 467 DE
1215 388 1767 467 ABERBR'OTHoc.
2116 426 2212 476 293

125 564 356 607 *namus
396 538 463 603 et‘
485 552 822 602 constituimus
861 567 951 615 per
990 550 1238 614 presentes
1280 549 1499 597 vnanimi
1540 549 1770 598 consensu
1812 551 1968 599 tocius
2010 553 2211 616 capituli

189 646 338 696 nostri
382 644 548 693 habito
595 643 738 706 super
783 641 878 696 hoc
915 641 1051 705 prius
1089 640 1317 705 diligenti
1354 644 1563 689 tractatu
1601 649 1650 688 et
1689 640 1897 690 vtilitate
1934 643 2213 691 monasterii

187 735 335 787 nostri
357 734 556 800 pensata
590 732 857 780 Dominum
894 731 1193 779 Nicholaum
1229 733 1290 780 de
1324 732 1504 796 Lundy
1544 732 1769 780 dile&um
1808 734 2212 782 commonachum

189 827 401 877 nostrum
425 832 474 875 et
498 823 818 873 camerarium
839 824 1011 871 domus
1035 823 1198 870 nostre
1222 832 1594 887 procuratorem
1618 822 1837 871 nostrum
1862 830 1910 871 et
1934 823 2214 872 monasterii

12 886 17 965 l
187 917 337 968 nostri
359 917 423 966 ad
457 915 764 965 affedandam
801 913 1052 962 ecclesiam
1086 913 1300 962 nostram
1326 914 1386 961 de
1419 914 1664 979 Inuernys
1702 915 2069 979 quibuscunque
2106 932 2213 980 per-

186 1008 311 1057 sonis
344 1023 454 1056 oum
488 1005 662 1069 quibus
698 1004 963 1052 conuenire
998 1004 1179 1068 poterit
1214 1012 1262 1053 et
1297 1004 1476 1053 viderit
1512 1005 1745 1068 expedire
1781 1013 1830 1053 et
1863 1006 2097 1070 precipue
2136 1024 2212 1055 ve—

186 1097 390 1149 nerabili
413 1095 543 1161 patri
567 1103 616 1143 et
645 1094 843 1142 domino
879 1094 1078 1142 domino
1113 1093 1284 1143 Dauid
1315 1094 1415 1142 Dei
1449 1095 1620 1159 gracia
1654 1094 1952 1143 Morauienfi
1989 1097 2213 1161 episcopo

187 1188 221 1236 fi
245 1204 354 1237 cum
377 1204 434 1235 eo
458 1187 600 1250 super
623 1185 718 1234 hoc
743 1185 1010 1233 conuenire
1038 1185 1220 1249 poterit
1251 1186 1401 1248 usque
1433 1186 1496 1233 ad
1529 1185 1793 1234 terminum
1821 1186 2037 1249 quinque
2066 1204 2214 1234 anno-

186 1295 292 1328 rum
314 1285 460 1343 prout
484 1276 682 1325 omnino
708 1277 861 1324 visum
886 1275 1036 1324 fuerit
1060 1275 1325 1339 expediens
1350 1283 1398 1324 et
1433 1276 1575 1340 super
1610 1275 1739 1324 dieta
1773 1276 2067 1325 affedatione
2102 1294 2214 1326 con-

186 1369 483 1420 cordandum
502 1376 551 1416 et
574 1367 726 1431 ipsam
749 1367 948 1415 nomine
972 1365 1138 1414 nostro
1163 1366 1501 1414 affirmandum
1520 1393 1531 1402 ·
1550 1366 1709 1414 eidem
1728 1366 1947 1430 plenarie
1972 1368 2142 1415 damus
2168 1376 2215 1415 et

187 1459 494 1509 concedimus
527 1465 698 1507 tenore
726 1457 1035 1522 presencium
1064 1456 1355 1521 potestatem
1379 1483 1390 1494 ·
1415 1463 1583 1505 natum
1614 1464 1662 1504 et
1685 1464 1880 1521 gratum
1904 1457 2140 1506 habentes
2161 1466 2216 1529 ‘et

20 1537 23 1596 l
184 1549 395 1599 habituri
418 1549 654 1613 quicquid
678 1548 810 1597 idem
834 1547 1106 1596 Nicholaus
1141 1557 1433 1611 procurator
1468 1548 1632 1596 noster
1666 1549 1717 1596 in
1753 1548 1987 1612 premiffis
2022 1550 2217 1598 duxerit

21 1664 25 1751 '
163 1640 377 1690 'nomine
410 1639 575 1688 nostro
610 1638 892 1687 faciendum
927 1666 937 1677 ·
973 1639 1034 1686 In
1068 1639 1207 1693 cuius
1242 1637 1316 1685 rei
1351 1637 1680 1686 testimonium
1717 1636 1925 1702 figillum
1961 1655 2216 1687 commune

187 1730 384 1796 capituli
407 1729 560 1778 nostri
585 1729 657 1778 est
680 1730 947 1794 appensum
967 1758 977 1768 ·
998 1729 1185 1777 Datum
1209 1728 1262 1776 in
1287 1728 1501 1793 capitulo
1526 1729 1692 1777 nostro
1718 1730 1848 1793 apud
1868 1729 2215 1780 Aberbrothoc

185 1822 370 1872 decimo
413 1821 584 1886 quinto
623 1820 702 1870 die
739 1821 1038 1870 Nouembris
1076 1837 1208 1870 anno
1243 1821 1412 1886 gracie
1453 1820 1706 1869 millesimo
1748 1820 2087 1895 trecentesimo
2123 1829 2217 1870 ter-

77 1956 96 1974 ,
189 1912 454 1963 ciodecimo
481 1939 491 1949 ·

194 2162 460 2238 Affedatio
485 2192 728 2234 terrarum
754 2185 814 2233 de
839 2183 1180 2250 Dunnechtyn
1206 2181 1216 2222 ἓ

36 2350 156 2418 2339]
195 2344 365 2416 Anno
411 2365 615 2415 Domini
643 2366 913 2415 -millefimo
960 2365 1300 2415 trecentefimo
1358 2366 1722 2430 quintodecimo
1778 2368 1832 2415 in
1887 2366 2007 2415 festo
2058 2366 2220 2416 Sanffi

179 2457 379 2525 .Mathei
401 2458 605 2522 apostoli
629 2466 679 2507 et
704 2457 1013 2522 ewangeliste
1038 2458 1169 2521 apud
1205 2457 1550 2507 Aberbrothoc
1583 2459 1655 2507 ita
1689 2466 1985 2507 conuentum
2022 2475 2220 2506 concor-

197 2550 359 2599 datum
388 2557 437 2598 et
471 2550 759 2599 affirmatum
796 2549 890 2598 fuit
924 2550 1055 2597 inter
1091 2548 1220 2596 viros
1254 2549 1503 2615 religiosos
1538 2550 1787 2598 dominum
1823 2549 2090 2598 Ricardum
2125 2549 2221 2597 Dei

197 2640 351 2705 gratia
373 2648 490 2690 tunc
514 2641 740 2689 abbatem
766 2641 827 2689 de
852 2640 1200 2689 Aberbrothoc
1225 2648 1274 2689 et
1298 2640 1509 2688 eiusdem
1533 2641 1630 2690 loci
1655 2649 1951 2690 conuentum
1987 2658 2047 2688 ex
2082 2648 2221 2703 parte

198 2747 292 2780 vna
335 2739 384 2781 et
419 2732 588 2781 Dauid
625 2733 686 2780 de
725 2731 931 2780 Manuel
969 2749 1030 2780 ex
1069 2732 1226 2780 altera
1262 2732 1491 2780 videlicet
1526 2725 1658 2795 quod
1692 2731 1808 2780 dicti
1843 2732 1990 2779 abbas
2026 2740 2074 2780 et
2110 2748 2221 2779 con-

159 2827 162 2830 ’
199 2830 369 2872 uentus
400 2824 461 2872 de
496 2823 711 2872 vnanimi
748 2831 797 2871 et
832 2821 1050 2887 expreffo
1086 2823 1318 2871 consensu
1353 2822 1510 2870 tocius
1545 2822 1745 2886 capituli
1781 2822 1851 2869 sui
1884 2822 2051 2869 habito
2088 2822 2223 2886 prius

199 2912 336 2976 super
357 2912 451 2962 hoc
475 2913 702 2978 diligenti
726 2915 935 2961 trmstatu
959 2913 1012 2960 in
1037 2913 1207 2961 eodem
1234 2912 1441 2961 vtilitate
1465 2912 1747 2960 monasterii
1771 2912 1840 2959 sui
1876 2913 2076 2976 pensata
2111 2929 2223 2960 con-

201 3002 432 3053 ceflerunt
456 3012 505 3052 et
528 3005 591 3053 ad
613 3005 802 3053 firmam
829 3004 1118 3053 dimiserunt
1141 3020 1231 3068 pro
1254 3003 1301 3051 se
1325 3010 1374 3051 et
1397 3001 1737 3050 suocefforibus
1766 2988 1859 3050 suis
1894 3003 2021 3050 dicto
2057 3001 2223 3050 Dauid

202 3101 348 3142 totam
371 3103 553 3144 terram
575 3094 707 3143 suam
732 3096 794 3143 de
826 3095 1167 3160 Dunnechtyn
1200 3111 1345 3159 quam
1377 3094 1560 3142 habent
1593 3093 1720 3141 vltra
1753 3110 1929 3157 aquam
1965 3093 2026 3141 de
2062 3098 2223 3159 vuany

203 3200 311 3234 cum
333 3185 544 3245 bracinis
568 3203 679 3235 cum
702 3186 857 3250 pratis
882 3194 932 3234 et
955 3186 1145 3250 pascuis
1170 3194 1219 3234 et
1245 3184 1468 3233 omnibus
1495 3184 1602 3232 aliis
1627 3183 1919 3240 aifiamentis
1954 3185 2017 3232 ad
2051 3184 2228 3232 dictam
