2554 3900
357 421 452 466 282
801 413 1224 465 REGISTRUM
1257 412 1353 462 DE
1391 407 1945 460 ABERBROTHOC.

366 620 636 704 Obligatio
661 638 875 703 episcopi
898 636 1226 694 morauienfis
1249 652 1342 701 pro
1366 635 1511 683 terris
1535 633 1713 681 nostris
1738 632 1819 680 del
1842 631 2036 680 Boucht
2061 658 2070 667 ·

182 816 322 882 [327]
369 800 628 874 Omnibus
667 819 760 868 has
798 818 988 866 litteras
1024 816 1195 865 visuris
1230 815 1309 864 vel
1351 814 1592 862 audituris
1626 842 1638 852 ·
1672 813 1843 862 Dauid
1879 813 2199 862 miseracione
2235 813 2404 862 diuina

374 911 574 960 ecclefie
598 907 923 966 morauienfis
953 907 1174 955 minister
1202 905 1400 953 humilis
1423 905 1626 952 salutem
1657 905 1709 952 in
1737 904 1954 952 Domino
1980 931 1990 941 ·
2017 904 2149 962 Quia
2179 905 2405 953 dominus

372 992 656 1051 Bernardus
679 1000 780 1048 Dei
803 998 970 1064 gratia
993 998 1142 1046 abbas
1167 997 1228 1044 de
1252 995 1599 1044 Aberbrothoc
1622 995 1822 1043 nomine
1853 995 1938 1042 suo
1963 1002 2011 1043 et
2036 1002 2308 1043 conuentus
2338 996 2407 1044 sui

371 1094 512 1143 nobis
545 1109 634 1157 pre
671 1091 847 1140 ceteris
883 1090 947 1139 ad
976 1090 1166 1137 firmam
1191 1087 1463 1136 concedere
1500 1085 1693 1133 curauit
1729 1092 1911 1133 terram
1945 1086 2080 1133 suam
2104 1085 2185 1133 del
2217 1085 2409 1135 Boucht

373 1186 510 1233 iuxta
536 1183 783 1247 Inuernys
818 1181 967 1245 usque
1001 1179 1065 1227 ad
1097 1178 1361 1227 terminum
1387 1176 1603 1240 quinque
1639 1191 1881 1223 annorum
1915 1175 2060 1238 plene
2096 1183 2145 1224 et
2180 1177 2409 1225 continue

375 1273 776 1338 complendorum
825 1289 854 1320 a
902 1270 1024 1319 festo
1070 1268 1376 1333 pentecostes
1425 1267 1543 1316 anni
1595 1267 1763 1332 gracie
1810 1266 2047 1316 millesimi
2087 1267 2410 1316 trecentesimi

377 1364 622 1414 vndecimi
664 1393 674 1403 ·
719 1363 1010 1427 Obligamus
1050 1378 1140 1409 nos
1178 1367 1227 1408 et
1259 1361 1391 1408 bona
1425 1359 1522 1407 fide
1562 1358 1893 1422 promittimus
1933 1374 2023 1421 per
2063 1358 2310 1420 presentes
2351 1359 2411 1406 ad

376 1455 558 1503 sursum
591 1454 903 1503 liberandum
949 1454 1032 1500 seu
1077 1451 1383 1500 reddendum
1418 1449 1597 1498 eisdem
1636 1449 1801 1497 abbati
1843 1457 1891 1497 et
1933 1449 2199 1497 conuentui
2236 1449 2413 1513 absque

379 1546 764 1595 contradictione
800 1544 963 1608 aliqua
997 1543 1049 1590 in
1082 1542 1180 1590 fine
1209 1541 1449 1590 di8borum
1486 1541 1703 1604 quinque
1739 1557 1981 1588 annorum
2016 1540 2193 1588 dffiam
2231 1548 2412 1590 terram

380 1639 441 1686 de
474 1637 522 1686 le
551 1636 746 1685 Boucht
779 1636 832 1683 in
872 1636 1044 1684 eodem
1078 1633 1207 1681 statu
1241 1633 1324 1681 seu
1358 1632 1551 1680 meliori
1586 1648 1683 1696 quo
1717 1631 1869 1696 ipsam
1906 1638 2090 1680 terram
2127 1632 2192 1680 ad
2226 1632 2415 1680 firmam

379 1728 643 1792 recipimus
667 1728 728 1776 ab
753 1727 933 1775 eisdem
957 1753 967 1764 ·
1003 1725 1064 1773 In
1090 1724 1226 1773 cuius
1260 1724 1335 1772 rei
1369 1722 1698 1772 testimonium
1731 1722 1819 1770 has
1851 1723 2020 1771 literas
2052 1722 2240 1770 nostras
2264 1722 2416 1787 figillo

381 1819 544 1867 nostro
569 1818 780 1884 fignatas
805 1816 944 1864 dietis
970 1815 1181 1864 dominis
1217 1814 1381 1863 abbati
1417 1821 1465 1863 et
1501 1815 1770 1863 conuentui
1803 1814 1912 1862 fieri
1936 1799 2140 1862 fecimus
2162 1822 2384 1879 patentes
2407 1841 2417 1852 ·

382 1909 569 1958 Datum
593 1909 725 1973 apud
747 1907 914 1972 Elgyn
940 1907 990 1954 in
1014 1905 1135 1955 festo
1164 1905 1329 1955 Sanffl
1358 1905 1393 1954 J
1395 1905 1536 1954 acobi
1561 1904 1767 1969 apostoli
1795 1921 1926 1954 anno
1954 1905 2230 1969 supradiaeffm
2256 1935 2266 1944 ·

388 2163 668 2234 Affedacio
693 2187 936 2243 terrarum
961 2180 1021 2227 de
1048 2177 1216 2242 Turry
1244 2208 1253 2217 ·

206 2351 345 2416 [328]
392 2341 653 2415 Omnibus
691 2359 874 2410 Christi
907 2359 1133 2408 fidelibus
1169 2360 1232 2407 ad
1264 2375 1385 2422 quos
1415 2360 1665 2422 presentes
1697 2358 1839 2406 litere
1873 2357 2192 2421 peruenerint
2226 2385 2235 2394 -
2275 2357 2421 2406 Alex-

391 2455 544 2503 ander
583 2452 758 2502 Fraser
791 2451 921 2499 filius
962 2450 1208 2514 quondam
1248 2449 1434 2497 domini
1470 2449 1675 2497 Andree
1710 2448 1885 2496 Fraser
1926 2448 2096 2497 militis
2136 2447 2338 2496 salutem
2371 2448 2423 2495 in
2503 2446 2512 2461 ³

391 2545 607 2595 Domino
630 2571 642 2582 ·
668 2543 802 2601 Quia
823 2539 1036 2606 religiosi
1052 2541 1145 2589 viri
1160 2540 1385 2588 dominus
1410 2540 1694 2588 Bernardus
1708 2539 1808 2587 Dei
1832 2539 1994 2604 gratia
2009 2540 2158 2588 abbas
2183 2540 2244 2588 de
2269 2539 2423 2587 Aber-

391 2636 597 2684 brothoc
622 2641 671 2682 et
703 2633 916 2682 eiusdem
952 2630 1050 2679 loci
1091 2637 1363 2678 conuentus
1399 2631 1718 2680 concesserint
1754 2638 1802 2678 et
1838 2629 2020 2679 saluam
2052 2638 2223 2679 tenent
2259 2631 2311 2678 in
2348 2646 2424 2677 me

392 2735 575 2776 terram
616 2725 749 2774 suam
787 2725 848 2772 de
885 2722 1054 2787 Turry
1096 2738 1208 2770 cum
1246 2721 1566 2786 pertinenciis
1602 2739 1693 2786 pro
1741 2729 1961 2786 tempore
1998 2722 2096 2770 vite
2130 2738 2237 2770 mee
2282 2728 2425 2785 prout

391 2818 556 2866 littere
590 2816 804 2881 ipsorum
839 2813 960 2862 mihi
1003 2814 1146 2876 super
1184 2812 1279 2860 hoc
1320 2813 1539 2861 confeEt'e
1579 2813 1772 2877 plenius
1813 2813 2053 2862 testantur
2089 2841 2099 2851 ·
2144 2812 2254 2877 Ego
2287 2819 2425 2877 grato

395 2909 558 2957 animo
597 2904 794 2971 promisi
835 2912 884 2953 et
922 2904 1157 2969 promitto
1200 2903 1378 2952 eisdem
1418 2911 1467 2952 et
1513 2921 1602 2967 per
1641 2904 1891 2967 presentes
1931 2904 2120 2952 litteras
2159 2903 2318 2952 fateor
2351 2905 2425 2951 me

396 2997 553 3047 teneri
576 2998 639 3045 ad
670 2990 986 3061 prestandum
1022 2995 1091 3043 eis
1126 3002 1176 3044 et
1211 3011 1380 3043 eorum
1403 2994 1698 3042 monasterio
1724 2995 1784 3042 de
1811 3002 1975 3043 cetero
1999 2994 2143 3042 fidele
2169 2994 2427 3042 concilium

397 3087 631 3137 auxilium
678 3094 727 3135 et
772 3086 991 3134 laborem
1042 3102 1204 3133 meum
1258 3101 1368 3133 cum
1424 3084 1612 3132 necefl'e
1658 3084 1808 3133 fuerit
1858 3085 1911 3132 in
1959 3085 2183 3132 omnibus
2229 3083 2428 3149 agendis

396 3178 492 3227 suis
527 3177 759 3241 quociens
793 3176 933 3224 fuero
980 3174 1239 3239 requisitus
1287 3182 1336 3224 et
1383 3175 1635 3223 commode
1681 3182 1854 3239 potero
1901 3174 2124 3223 intereffe
2168 3174 2428 3239 sumptibus
