<?xml version="1.0" encoding="UTF-8"?>
<!DOCTYPE html PUBLIC "-//W3C//DTD XHTML 1.0 Transitional//EN"
    "http://www.w3.org/TR/xhtml1/DTD/xhtml1-transitional.dtd">
<html xmlns="http://www.w3.org/1999/xhtml" xml:lang="en" lang="en">
 <head>
  <title>
</title>
<meta http-equiv="Content-Type" content="text/html;charset=utf-8" />
  <meta name='ocr-system' content='tesseract 3.04.00' />
  <meta name='ocr-capabilities' content='ocr_page ocr_carea ocr_par ocr_line ocrx_word'/>
</head>
<body>
  <div class='ocr_page' id='page_1' title='image "./libersthomedea0186arbruoft_0370.png"; bbox 0 0 2554 3900; ppageno 0'>
   <div class='ocr_carea' id='block_1_1' title="bbox 376 421 1964 480">
    <p class='ocr_par' dir='ltr' id='par_1_1' title="bbox 376 421 1964 480">
     <span class='ocr_line' id='line_1_1' title="bbox 376 421 1964 480; baseline -0.001 -7"><span class='ocrx_word' id='word_1_1' title='bbox 376 429 472 480; x_wconf 80' lang='lat'>290</span> <span class='ocrx_word' id='word_1_2' title='bbox 818 424 1242 475; x_wconf 85' lang='lat' dir='ltr'><strong>REGISTRUM</strong></span> <span class='ocrx_word' id='word_1_3' title='bbox 1277 425 1374 474; x_wconf 89' lang='lat' dir='ltr'>DE</span> <span class='ocrx_word' id='word_1_4' title='bbox 1410 421 1964 473; x_wconf 86' lang='lat' dir='ltr'><strong>ABERBROTHOC.</strong></span> 
     </span>
    </p>
   </div>
   <div class='ocr_carea' id='block_1_2' title="bbox 376 553 2412 890">
    <p class='ocr_par' dir='ltr' id='par_1_2' title="bbox 376 553 2412 890">
     <span class='ocr_line' id='line_1_2' title="bbox 377 553 2411 620; baseline -0.002 -15"><span class='ocrx_word' id='word_1_5' title='bbox 377 556 530 605; x_wconf 87' lang='lat' dir='ltr'>caufis</span> <span class='ocrx_word' id='word_1_6' title='bbox 562 564 610 605; x_wconf 90' lang='lat' dir='ltr'>et</span> <span class='ocrx_word' id='word_1_7' title='bbox 639 556 746 605; x_wconf 87' lang='lat' dir='ltr'>aliis</span> <span class='ocrx_word' id='word_1_8' title='bbox 774 557 1139 620; x_wconf 85' lang='lat' dir='ltr'><strong>quibuscunque</strong></span> <span class='ocrx_word' id='word_1_9' title='bbox 1175 555 1263 605; x_wconf 88' lang='lat' dir='ltr'>fibi</span> <span class='ocrx_word' id='word_1_10' title='bbox 1292 564 1341 605; x_wconf 91' lang='lat' dir='ltr'>et</span> <span class='ocrx_word' id='word_1_11' title='bbox 1377 554 1577 605; x_wconf 87' lang='lat' dir='ltr'>ecclefie</span> <span class='ocrx_word' id='word_1_12' title='bbox 1615 555 1697 604; x_wconf 92' lang='lat' dir='ltr'>sue</span> <span class='ocrx_word' id='word_1_13' title='bbox 1735 562 1908 603; x_wconf 88' lang='lat' dir='ltr'>contra</span> <span class='ocrx_word' id='word_1_14' title='bbox 1948 553 2173 601; x_wconf 83' lang='lat' dir='ltr'>abbatem</span> <span class='ocrx_word' id='word_1_15' title='bbox 2212 561 2261 601; x_wconf 89' lang='lat' dir='ltr'>et</span> <span class='ocrx_word' id='word_1_16' title='bbox 2299 569 2411 601; x_wconf 90' lang='lat' dir='ltr'>con-</span> 
     </span>
     <span class='ocr_line' id='line_1_3' title="bbox 376 643 2410 711; baseline -0.001 -15"><span class='ocrx_word' id='word_1_17' title='bbox 376 655 578 697; x_wconf 91' lang='lat' dir='ltr'>uentum</span> <span class='ocrx_word' id='word_1_18' title='bbox 606 649 667 695; x_wconf 90' lang='lat' dir='ltr'>de</span> <span class='ocrx_word' id='word_1_19' title='bbox 699 647 1045 696; x_wconf 88' lang='lat' dir='ltr'>Aberbrothoc</span> <span class='ocrx_word' id='word_1_20' title='bbox 1077 647 1226 711; x_wconf 87' lang='lat' dir='ltr'>usque</span> <span class='ocrx_word' id='word_1_21' title='bbox 1256 648 1319 695; x_wconf 86' lang='lat' dir='ltr'>ad</span> <span class='ocrx_word' id='word_1_22' title='bbox 1355 647 1485 695; x_wconf 89' lang='lat' dir='ltr'>diem</span> <span class='ocrx_word' id='word_1_23' title='bbox 1518 645 1836 695; x_wconf 60' lang='lat' dir='ltr'>confectionis</span> <span class='ocrx_word' id='word_1_24' title='bbox 1873 643 2182 709; x_wconf 89' lang='lat' dir='ltr'>presencium</span> <span class='ocrx_word' id='word_1_25' title='bbox 2220 659 2410 707; x_wconf 91' lang='lat' dir='ltr'>compe·</span> 
     </span>
     <span class='ocr_line' id='line_1_4' title="bbox 376 733 2412 800; baseline -0.003 -12"><span class='ocrx_word' id='word_1_26' title='bbox 376 746 534 788; x_wconf 88' lang='lat' dir='ltr'>tentes</span> <span class='ocrx_word' id='word_1_27' title='bbox 559 765 569 776; x_wconf 90' lang='lat'><strong>·</strong></span> <span class='ocrx_word' id='word_1_28' title='bbox 593 754 787 786; x_wconf 83' lang='lat' dir='ltr'>necnon</span> <span class='ocrx_word' id='word_1_29' title='bbox 812 737 977 785; x_wconf 90' lang='lat' dir='ltr'>omnia</span> <span class='ocrx_word' id='word_1_30' title='bbox 1000 737 1097 786; x_wconf 89' lang='lat' dir='ltr'>alia</span> <span class='ocrx_word' id='word_1_31' title='bbox 1121 737 1287 786; x_wconf 91' lang='lat' dir='ltr'>debita</span> <span class='ocrx_word' id='word_1_32' title='bbox 1309 744 1359 785; x_wconf 89' lang='lat' dir='ltr'>et</span> <span class='ocrx_word' id='word_1_33' title='bbox 1393 753 1562 785; x_wconf 87' lang='lat' dir='ltr'>eorum</span> <span class='ocrx_word' id='word_1_34' title='bbox 1598 736 1852 800; x_wconf 83' lang='lat' dir='ltr'>arreragia</span> <span class='ocrx_word' id='word_1_35' title='bbox 1883 751 1983 782; x_wconf 90' lang='lat' dir='ltr'>non</span> <span class='ocrx_word' id='word_1_36' title='bbox 2021 733 2178 782; x_wconf 90' lang='lat' dir='ltr'>soluta</span> <span class='ocrx_word' id='word_1_37' title='bbox 2212 734 2412 797; x_wconf 90' lang='lat' dir='ltr'>capituli</span> 
     </span>
     <span class='ocr_line' id='line_1_5' title="bbox 378 825 2411 890; baseline -0.002 -14"><span class='ocrx_word' id='word_1_38' title='bbox 378 829 448 876; x_wconf 89' lang='lat' dir='ltr'>sui</span> <span class='ocrx_word' id='word_1_39' title='bbox 483 829 547 876; x_wconf 90' lang='lat' dir='ltr'>ad</span> <span class='ocrx_word' id='word_1_40' title='bbox 581 828 677 875; x_wconf 92' lang='lat' dir='ltr'>hoc</span> <span class='ocrx_word' id='word_1_41' title='bbox 714 827 980 875; x_wconf 81' lang='lat' dir='ltr'>accedente</span> <span class='ocrx_word' id='word_1_42' title='bbox 1018 827 1252 876; x_wconf 90' lang='lat' dir='ltr'>consensu</span> <span class='ocrx_word' id='word_1_43' title='bbox 1287 843 1378 890; x_wconf 89' lang='lat' dir='ltr'>pro</span> <span class='ocrx_word' id='word_1_44' title='bbox 1415 827 1463 874; x_wconf 91' lang='lat' dir='ltr'>se</span> <span class='ocrx_word' id='word_1_45' title='bbox 1501 834 1550 875; x_wconf 91' lang='lat' dir='ltr'>et</span> <span class='ocrx_word' id='word_1_46' title='bbox 1584 826 1929 875; x_wconf 78' lang='lat' dir='ltr'>succefl&#39;oribus</span> <span class='ocrx_word' id='word_1_47' title='bbox 1964 825 2060 873; x_wconf 88' lang='lat' dir='ltr'>suis</span> <span class='ocrx_word' id='word_1_48' title='bbox 2094 825 2313 873; x_wconf 85' lang='lat' dir='ltr'>caritatis</span> <span class='ocrx_word' id='word_1_49' title='bbox 2339 825 2411 873; x_wconf 91' lang='lat' dir='ltr'>in·</span> 
     </span>
    </p>
   </div>
   <div class='ocr_carea' id='block_1_3' title="bbox 375 915 2518 1072">
    <p class='ocr_par' dir='ltr' id='par_1_3' title="bbox 375 915 2518 1072">
     <span class='ocr_line' id='line_1_6' title="bbox 376 915 2501 981; baseline -0.001 -14"><span class='ocrx_word' id='word_1_50' title='bbox 376 918 503 967; x_wconf 91' lang='lat' dir='ltr'>tuitu</span> <span class='ocrx_word' id='word_1_51' title='bbox 527 917 666 965; x_wconf 64' lang='lat' dir='ltr'>distis</span> <span class='ocrx_word' id='word_1_52' title='bbox 689 916 925 980; x_wconf 85' lang='lat' dir='ltr'>religiofis</span> <span class='ocrx_word' id='word_1_53' title='bbox 949 916 1223 980; x_wconf 79' lang='lat' dir='ltr'>specialiter</span> <span class='ocrx_word' id='word_1_54' title='bbox 1246 916 1429 964; x_wconf 89' lang='lat' dir='ltr'>remifit</span> <span class='ocrx_word' id='word_1_55' title='bbox 1453 924 1502 965; x_wconf 90' lang='lat' dir='ltr'>et</span> <span class='ocrx_word' id='word_1_56' title='bbox 1524 917 1871 981; x_wconf 87' lang='lat' dir='ltr'>inperpetuum</span> <span class='ocrx_word' id='word_1_57' title='bbox 1905 915 2206 964; x_wconf 90' lang='lat' dir='ltr'>condonauit</span> <span class='ocrx_word' id='word_1_58' title='bbox 2231 942 2242 952; x_wconf 85' lang='lat'><strong>·</strong></span> <span class='ocrx_word' id='word_1_59' title='bbox 2265 915 2409 964; x_wconf 88' lang='lat' dir='ltr'>saluis</span> <span class='ocrx_word' id='word_1_60' title='bbox 2495 936 2501 958; x_wconf 75' lang='lat'>1</span> 
     </span>
     <span class='ocr_line' id='line_1_7' title="bbox 375 1006 2518 1072; baseline 0 -17"><span class='ocrx_word' id='word_1_61' title='bbox 375 1008 460 1057; x_wconf 88' lang='lat' dir='ltr'>fibi</span> <span class='ocrx_word' id='word_1_62' title='bbox 504 1025 629 1057; x_wconf 88' lang='lat' dir='ltr'>cana</span> <span class='ocrx_word' id='word_1_63' title='bbox 666 1007 1106 1071; x_wconf 84' lang='lat' dir='ltr'>procuracionibus</span> <span class='ocrx_word' id='word_1_64' title='bbox 1147 1014 1196 1055; x_wconf 90' lang='lat' dir='ltr'>et</span> <span class='ocrx_word' id='word_1_65' title='bbox 1232 1007 1546 1072; x_wconf 83' lang='lat' dir='ltr'>synodalibus</span> <span class='ocrx_word' id='word_1_66' title='bbox 1587 1017 1681 1070; x_wconf 89' lang='lat' dir='ltr'>que</span> <span class='ocrx_word' id='word_1_67' title='bbox 1719 1006 1807 1055; x_wconf 88' lang='lat' dir='ltr'>fibi</span> <span class='ocrx_word' id='word_1_68' title='bbox 1844 1013 1894 1054; x_wconf 91' lang='lat' dir='ltr'>et</span> <span class='ocrx_word' id='word_1_69' title='bbox 1933 1006 2280 1054; x_wconf 82' lang='lat' dir='ltr'>succefforibus</span> <span class='ocrx_word' id='word_1_70' title='bbox 2313 1007 2410 1055; x_wconf 89' lang='lat' dir='ltr'>suis</span> <span class='ocrx_word' id='word_1_71' title='bbox 2485 1009 2518 1026; x_wconf 73' lang='grc'>·’</span> 
     </span>
    </p>
   </div>
   <div class='ocr_carea' id='block_1_4' title="bbox 374 1096 2410 1417">
    <p class='ocr_par' dir='ltr' id='par_1_4' title="bbox 374 1096 2410 1417">
     <span class='ocr_line' id='line_1_8' title="bbox 374 1096 2410 1162; baseline 0 -16"><span class='ocrx_word' id='word_1_72' title='bbox 374 1105 612 1162; x_wconf 90' lang='lat' dir='ltr'>perpetuo</span> <span class='ocrx_word' id='word_1_73' title='bbox 658 1097 766 1145; x_wconf 90' lang='lat' dir='ltr'>iure</span> <span class='ocrx_word' id='word_1_74' title='bbox 814 1098 1056 1146; x_wconf 86' lang='lat' dir='ltr'>debentur</span> <span class='ocrx_word' id='word_1_75' title='bbox 1112 1127 1123 1138; x_wconf 89' lang='lat'><strong>·</strong></span> <span class='ocrx_word' id='word_1_76' title='bbox 1180 1096 1247 1145; x_wconf 89' lang='lat' dir='ltr'>Et</span> <span class='ocrx_word' id='word_1_77' title='bbox 1306 1097 1414 1146; x_wconf 87' lang='lat' dir='ltr'>vice</span> <span class='ocrx_word' id='word_1_78' title='bbox 1468 1096 1610 1145; x_wconf 88' lang='lat' dir='ltr'>uersa</span> <span class='ocrx_word' id='word_1_79' title='bbox 1655 1097 1897 1160; x_wconf 90' lang='lat' dir='ltr'>dompnus</span> <span class='ocrx_word' id='word_1_80' title='bbox 1955 1096 2239 1145; x_wconf 89' lang='lat' dir='ltr'>Bernardus</span> <span class='ocrx_word' id='word_1_81' title='bbox 2292 1105 2410 1146; x_wconf 90' lang='lat' dir='ltr'>tunc</span> 
     </span>
     <span class='ocr_line' id='line_1_9' title="bbox 375 1187 2408 1237; baseline -0 -1"><span class='ocrx_word' id='word_1_82' title='bbox 375 1189 523 1236; x_wconf 89' lang='lat' dir='ltr'>abbas</span> <span class='ocrx_word' id='word_1_83' title='bbox 568 1187 853 1236; x_wconf 85' lang='lat' dir='ltr'>monasterii</span> <span class='ocrx_word' id='word_1_84' title='bbox 900 1188 960 1235; x_wconf 91' lang='lat' dir='ltr'>de</span> <span class='ocrx_word' id='word_1_85' title='bbox 1007 1187 1355 1237; x_wconf 90' lang='lat' dir='ltr'>Aberbrothoc</span> <span class='ocrx_word' id='word_1_86' title='bbox 1406 1194 1455 1236; x_wconf 87' lang='lat' dir='ltr'>et</span> <span class='ocrx_word' id='word_1_87' title='bbox 1501 1187 1715 1236; x_wconf 89' lang='lat' dir='ltr'>eiusdem</span> <span class='ocrx_word' id='word_1_88' title='bbox 1761 1187 1860 1235; x_wconf 92' lang='lat' dir='ltr'>loci</span> <span class='ocrx_word' id='word_1_89' title='bbox 1907 1195 2180 1236; x_wconf 89' lang='lat' dir='ltr'>conuentus</span> <span class='ocrx_word' id='word_1_90' title='bbox 2225 1187 2408 1236; x_wconf 90' lang='lat' dir='ltr'>ibidem</span> 
     </span>
     <span class='ocr_line' id='line_1_10' title="bbox 375 1277 2410 1343; baseline -0 -16"><span class='ocrx_word' id='word_1_91' title='bbox 375 1278 633 1327; x_wconf 87' lang='lat' dir='ltr'>existentes</span> <span class='ocrx_word' id='word_1_92' title='bbox 666 1295 758 1342; x_wconf 90' lang='lat' dir='ltr'>pro</span> <span class='ocrx_word' id='word_1_93' title='bbox 794 1278 843 1326; x_wconf 88' lang='lat' dir='ltr'>se</span> <span class='ocrx_word' id='word_1_94' title='bbox 879 1285 928 1326; x_wconf 92' lang='lat' dir='ltr'>et</span> <span class='ocrx_word' id='word_1_95' title='bbox 968 1278 1314 1326; x_wconf 81' lang='lat' dir='ltr'>succefl&#39;oribus</span> <span class='ocrx_word' id='word_1_96' title='bbox 1354 1277 1450 1326; x_wconf 85' lang='lat' dir='ltr'>suis</span> <span class='ocrx_word' id='word_1_97' title='bbox 1485 1295 1654 1326; x_wconf 88' lang='lat' dir='ltr'>omnes</span> <span class='ocrx_word' id='word_1_98' title='bbox 1687 1277 1960 1342; x_wconf 86' lang='lat' dir='ltr'>peticiones</span> <span class='ocrx_word' id='word_1_99' title='bbox 1995 1278 2326 1343; x_wconf 86' lang='lat' dir='ltr'>obligaciones</span> <span class='ocrx_word' id='word_1_100' title='bbox 2362 1287 2410 1326; x_wconf 90' lang='lat' dir='ltr'>et</span> 
     </span>
     <span class='ocr_line' id='line_1_11' title="bbox 375 1367 2410 1417; baseline 0 -1"><span class='ocrx_word' id='word_1_101' title='bbox 375 1369 589 1417; x_wconf 62' lang='lat' dir='ltr'>actiones</span> <span class='ocrx_word' id='word_1_102' title='bbox 621 1368 709 1417; x_wconf 89' lang='lat' dir='ltr'>fibi</span> <span class='ocrx_word' id='word_1_103' title='bbox 744 1375 793 1417; x_wconf 92' lang='lat' dir='ltr'>et</span> <span class='ocrx_word' id='word_1_104' title='bbox 826 1368 1120 1415; x_wconf 87' lang='lat' dir='ltr'>monasterio</span> <span class='ocrx_word' id='word_1_105' title='bbox 1153 1368 1238 1416; x_wconf 88' lang='lat' dir='ltr'>suo</span> <span class='ocrx_word' id='word_1_106' title='bbox 1272 1369 1333 1416; x_wconf 90' lang='lat' dir='ltr'>de</span> <span class='ocrx_word' id='word_1_107' title='bbox 1365 1367 1712 1417; x_wconf 88' lang='lat' dir='ltr'>Aberbrothoc</span> <span class='ocrx_word' id='word_1_108' title='bbox 1748 1375 1922 1417; x_wconf 88' lang='lat' dir='ltr'>contra</span> <span class='ocrx_word' id='word_1_109' title='bbox 1953 1368 2136 1416; x_wconf 61' lang='lat' dir='ltr'>dictum</span> <span class='ocrx_word' id='word_1_110' title='bbox 2161 1368 2410 1416; x_wconf 91' lang='lat' dir='ltr'>dominum</span> 
     </span>
    </p>
   </div>
   <div class='ocr_carea' id='block_1_5' title="bbox 374 1458 2409 1523">
    <p class='ocr_par' dir='ltr' id='par_1_5' title="bbox 374 1440 2516 1523">
     <span class='ocr_line' id='line_1_12' title="bbox 374 1458 2409 1523; baseline 0.001 -16"><span class='ocrx_word' id='word_1_111' title='bbox 374 1459 652 1523; x_wconf 87' lang='lat' dir='ltr'>episcopum</span> <span class='ocrx_word' id='word_1_112' title='bbox 690 1465 738 1507; x_wconf 90' lang='lat' dir='ltr'>et</span> <span class='ocrx_word' id='word_1_113' title='bbox 774 1458 1133 1522; x_wconf 79' lang='lat' dir='ltr'>predecefl&#39;ores</span> <span class='ocrx_word' id='word_1_114' title='bbox 1172 1459 1280 1506; x_wconf 87' lang='lat' dir='ltr'>suos</span> <span class='ocrx_word' id='word_1_115' title='bbox 1314 1459 1514 1507; x_wconf 87' lang='lat' dir='ltr'>racione</span> <span class='ocrx_word' id='word_1_116' title='bbox 1551 1460 1827 1508; x_wconf 89' lang='lat' dir='ltr'>debitorum</span> <span class='ocrx_word' id='word_1_117' title='bbox 1863 1459 2012 1523; x_wconf 92' lang='lat' dir='ltr'>usque</span> <span class='ocrx_word' id='word_1_118' title='bbox 2049 1460 2112 1507; x_wconf 89' lang='lat' dir='ltr'>ad</span> <span class='ocrx_word' id='word_1_119' title='bbox 2144 1459 2273 1507; x_wconf 90' lang='lat' dir='ltr'>diem</span> <span class='ocrx_word' id='word_1_120' title='bbox 2298 1477 2409 1507; x_wconf 85' lang='lat' dir='ltr'>con·</span> 
     </span>
    </p>
   </div>
   <div class='ocr_carea' id='block_1_6' title="bbox 372 1549 2409 1614">
    <p class='ocr_par' dir='ltr' id='par_1_6' title="bbox 372 1531 2507 1623">
     <span class='ocr_line' id='line_1_13' title="bbox 372 1549 2409 1614; baseline -0.001 -16"><span class='ocrx_word' id='word_1_121' title='bbox 372 1550 593 1598; x_wconf 68' lang='lat' dir='ltr'>fectionis</span> <span class='ocrx_word' id='word_1_122' title='bbox 627 1549 931 1614; x_wconf 90' lang='lat' dir='ltr'>presencium</span> <span class='ocrx_word' id='word_1_123' title='bbox 962 1555 1305 1612; x_wconf 50' lang='lat' dir='ltr'>*competentes</span> <span class='ocrx_word' id='word_1_124' title='bbox 1352 1550 1511 1598; x_wconf 89' lang='lat' dir='ltr'>eidem</span> <span class='ocrx_word' id='word_1_125' title='bbox 1546 1550 1747 1598; x_wconf 90' lang='lat' dir='ltr'>domino</span> <span class='ocrx_word' id='word_1_126' title='bbox 1789 1550 2015 1614; x_wconf 91' lang='lat' dir='ltr'>episcopo</span> <span class='ocrx_word' id='word_1_127' title='bbox 2057 1557 2106 1598; x_wconf 90' lang='lat' dir='ltr'>et</span> <span class='ocrx_word' id='word_1_128' title='bbox 2139 1549 2409 1598; x_wconf 82' lang='lat' dir='ltr'>succeffori-</span> 
     </span>
    </p>
   </div>
   <div class='ocr_carea' id='block_1_7' title="bbox 372 1639 2408 1705">
    <p class='ocr_par' dir='ltr' id='par_1_7' title="bbox 372 1639 2408 1705">
     <span class='ocr_line' id='line_1_14' title="bbox 372 1639 2408 1705; baseline -0.001 -15"><span class='ocrx_word' id='word_1_129' title='bbox 372 1643 462 1690; x_wconf 92' lang='lat' dir='ltr'>bus</span> <span class='ocrx_word' id='word_1_130' title='bbox 499 1642 595 1690; x_wconf 89' lang='lat' dir='ltr'>suis</span> <span class='ocrx_word' id='word_1_131' title='bbox 628 1641 678 1689; x_wconf 93' lang='lat' dir='ltr'>in</span> <span class='ocrx_word' id='word_1_132' title='bbox 715 1648 1007 1705; x_wconf 91' lang='lat' dir='ltr'>perpetuum</span> <span class='ocrx_word' id='word_1_133' title='bbox 1041 1639 1313 1689; x_wconf 86' lang='lat' dir='ltr'>liberaliter</span> <span class='ocrx_word' id='word_1_134' title='bbox 1347 1641 1639 1690; x_wconf 87' lang='lat' dir='ltr'>remiserunt</span> <span class='ocrx_word' id='word_1_135' title='bbox 1674 1668 1684 1678; x_wconf 92' lang='lat'><strong>·</strong></span> <span class='ocrx_word' id='word_1_136' title='bbox 1719 1640 1799 1689; x_wconf 88' lang='lat' dir='ltr'>Ita</span> <span class='ocrx_word' id='word_1_137' title='bbox 1833 1641 2064 1689; x_wconf 88' lang='lat' dir='ltr'>videlicet</span> <span class='ocrx_word' id='word_1_138' title='bbox 2106 1642 2237 1704; x_wconf 94' lang='lat' dir='ltr'>quod</span> <span class='ocrx_word' id='word_1_139' title='bbox 2274 1639 2310 1687; x_wconf 88' lang='lat' dir='ltr'>fi</span> <span class='ocrx_word' id='word_1_140' title='bbox 2349 1658 2408 1689; x_wconf 87' lang='lat' dir='ltr'>ex</span> 
     </span>
    </p>
   </div>
   <div class='ocr_carea' id='block_1_8' title="bbox 373 1727 2407 1795">
    <p class='ocr_par' dir='ltr' id='par_1_8' title="bbox 373 1727 2514 1798">
     <span class='ocr_line' id='line_1_15' title="bbox 373 1727 2407 1795; baseline 0 -16"><span class='ocrx_word' id='word_1_141' title='bbox 373 1739 491 1780; x_wconf 90' lang='lat' dir='ltr'>tunc</span> <span class='ocrx_word' id='word_1_142' title='bbox 536 1731 701 1795; x_wconf 85' lang='lat' dir='ltr'>aliqua</span> <span class='ocrx_word' id='word_1_143' title='bbox 744 1730 1070 1778; x_wconf 85' lang='lat' dir='ltr'>instrumenta</span> <span class='ocrx_word' id='word_1_144' title='bbox 1115 1730 1409 1795; x_wconf 85' lang='lat' dir='ltr'>obligatoria</span> <span class='ocrx_word' id='word_1_145' title='bbox 1455 1727 1732 1780; x_wconf 89' lang='lat' dir='ltr'>debitorum</span> <span class='ocrx_word' id='word_1_146' title='bbox 1780 1749 1840 1779; x_wconf 87' lang='lat' dir='ltr'>ex</span> <span class='ocrx_word' id='word_1_147' title='bbox 1879 1738 2021 1795; x_wconf 84' lang='lat' dir='ltr'>parte</span> <span class='ocrx_word' id='word_1_148' title='bbox 2063 1731 2178 1779; x_wconf 68' lang='lat' dir='ltr'>diai</span> <span class='ocrx_word' id='word_1_149' title='bbox 2223 1732 2407 1779; x_wconf 90' lang='lat' dir='ltr'>domini</span> 
     </span>
    </p>
   </div>
   <div class='ocr_carea' id='block_1_9' title="bbox 375 1820 2407 1886">
    <p class='ocr_par' dir='ltr' id='par_1_9' title="bbox 375 1810 2519 1886">
     <span class='ocr_line' id='line_1_16' title="bbox 375 1820 2407 1886; baseline -0.001 -16"><span class='ocrx_word' id='word_1_150' title='bbox 375 1822 587 1886; x_wconf 90' lang='lat' dir='ltr'>episcopi</span> <span class='ocrx_word' id='word_1_151' title='bbox 620 1822 700 1870; x_wconf 89' lang='lat' dir='ltr'>vel</span> <span class='ocrx_word' id='word_1_152' title='bbox 732 1821 1123 1886; x_wconf 85' lang='lat' dir='ltr'>predecefforum</span> <span class='ocrx_word' id='word_1_153' title='bbox 1162 1821 1358 1869; x_wconf 92' lang='lat' dir='ltr'>suorum</span> <span class='ocrx_word' id='word_1_154' title='bbox 1399 1828 1483 1869; x_wconf 91' lang='lat' dir='ltr'>aut</span> <span class='ocrx_word' id='word_1_155' title='bbox 1518 1837 1580 1869; x_wconf 84' lang='lat' dir='ltr'>ex</span> <span class='ocrx_word' id='word_1_156' title='bbox 1614 1828 1754 1885; x_wconf 90' lang='lat' dir='ltr'>parte</span> <span class='ocrx_word' id='word_1_157' title='bbox 1788 1821 1970 1886; x_wconf 86' lang='lat' dir='ltr'>prefati</span> <span class='ocrx_word' id='word_1_158' title='bbox 2002 1820 2188 1869; x_wconf 91' lang='lat' dir='ltr'>domini</span> <span class='ocrx_word' id='word_1_159' title='bbox 2221 1822 2407 1870; x_wconf 88' lang='lat' dir='ltr'>abbatis</span> 
     </span>
    </p>
   </div>
   <div class='ocr_carea' id='block_1_10' title="bbox 374 1911 2408 1977">
    <p class='ocr_par' dir='ltr' id='par_1_10' title="bbox 374 1899 2518 1977">
     <span class='ocr_line' id='line_1_17' title="bbox 374 1911 2408 1977; baseline -0.001 -16"><span class='ocrx_word' id='word_1_160' title='bbox 374 1913 454 1961; x_wconf 91' lang='lat' dir='ltr'>vel</span> <span class='ocrx_word' id='word_1_161' title='bbox 486 1911 876 1976; x_wconf 80' lang='lat' dir='ltr'>predecessorum</span> <span class='ocrx_word' id='word_1_162' title='bbox 911 1911 1106 1959; x_wconf 91' lang='lat' dir='ltr'>suorum</span> <span class='ocrx_word' id='word_1_163' title='bbox 1139 1919 1253 1960; x_wconf 89' lang='lat' dir='ltr'>ante</span> <span class='ocrx_word' id='word_1_164' title='bbox 1290 1912 1420 1961; x_wconf 88' lang='lat' dir='ltr'>diem</span> <span class='ocrx_word' id='word_1_165' title='bbox 1456 1912 1775 1960; x_wconf 68' lang='lat' dir='ltr'>confectionis</span> <span class='ocrx_word' id='word_1_166' title='bbox 1805 1912 2112 1977; x_wconf 89' lang='lat' dir='ltr'>presencium</span> <span class='ocrx_word' id='word_1_167' title='bbox 2148 1911 2408 1976; x_wconf 77' lang='lat' dir='ltr'>composita</span> 
     </span>
    </p>
   </div>
   <div class='ocr_carea' id='block_1_11' title="bbox 375 1994 2522 2067">
    <p class='ocr_par' dir='ltr' id='par_1_11' title="bbox 375 1981 2522 2067">
     <span class='ocr_line' id='line_1_18' title="bbox 375 1994 2522 2067; baseline 0 -16"><span class='ocrx_word' id='word_1_168' title='bbox 375 2004 686 2067; x_wconf 86' lang='lat' dir='ltr'>reperiantur</span> <span class='ocrx_word' id='word_1_169' title='bbox 710 2002 790 2051; x_wconf 88' lang='lat' dir='ltr'>vel</span> <span class='ocrx_word' id='word_1_170' title='bbox 822 2003 1159 2066; x_wconf 88' lang='lat' dir='ltr'>producantur</span> <span class='ocrx_word' id='word_1_171' title='bbox 1185 2002 1311 2051; x_wconf 85' lang='lat' dir='ltr'>caffa</span> <span class='ocrx_word' id='word_1_172' title='bbox 1333 2003 1426 2051; x_wconf 92' lang='lat' dir='ltr'>fint</span> <span class='ocrx_word' id='word_1_173' title='bbox 1454 2009 1503 2051; x_wconf 92' lang='lat' dir='ltr'>et</span> <span class='ocrx_word' id='word_1_174' title='bbox 1526 2003 1670 2051; x_wconf 86' lang='lat' dir='ltr'>irrita</span> <span class='ocrx_word' id='word_1_175' title='bbox 1693 2010 1742 2052; x_wconf 93' lang='lat' dir='ltr'>et</span> <span class='ocrx_word' id='word_1_176' title='bbox 1764 2003 1955 2051; x_wconf 89' lang='lat' dir='ltr'>nullum</span> <span class='ocrx_word' id='word_1_177' title='bbox 1978 2004 2130 2051; x_wconf 90' lang='lat' dir='ltr'>robur</span> <span class='ocrx_word' id='word_1_178' title='bbox 2155 2002 2407 2052; x_wconf 88' lang='lat' dir='ltr'>obtineant</span> <span class='ocrx_word' id='word_1_179' title='bbox 2478 1994 2522 2041; x_wconf 58' lang='lat'>³1</span> 
     </span>
    </p>
   </div>
   <div class='ocr_carea' id='block_1_12' title="bbox 285 2092 2406 2158">
    <p class='ocr_par' dir='ltr' id='par_1_12' title="bbox 285 2090 2522 2163">
     <span class='ocr_line' id='line_1_19' title="bbox 285 2092 2406 2158; baseline -0.002 -16"><span class='ocrx_word' id='word_1_180' title='bbox 285 2102 292 2107; x_wconf 85' lang='lat'>&#39;</span> <span class='ocrx_word' id='word_1_181' title='bbox 374 2094 618 2143; x_wconf 85' lang='lat' dir='ltr'>firmitatis</span> <span class='ocrx_word' id='word_1_182' title='bbox 653 2122 664 2133; x_wconf 81' lang='lat'><strong>·</strong></span> <span class='ocrx_word' id='word_1_183' title='bbox 700 2093 759 2142; x_wconf 92' lang='lat' dir='ltr'>In</span> <span class='ocrx_word' id='word_1_184' title='bbox 787 2094 924 2142; x_wconf 92' lang='lat' dir='ltr'>cuius</span> <span class='ocrx_word' id='word_1_185' title='bbox 947 2093 1020 2141; x_wconf 91' lang='lat' dir='ltr'>rei</span> <span class='ocrx_word' id='word_1_186' title='bbox 1045 2092 1374 2142; x_wconf 89' lang='lat' dir='ltr'>testimonium</span> <span class='ocrx_word' id='word_1_187' title='bbox 1396 2093 1526 2158; x_wconf 91' lang='lat' dir='ltr'>parti</span> <span class='ocrx_word' id='word_1_188' title='bbox 1548 2094 1694 2142; x_wconf 90' lang='lat' dir='ltr'>huius</span> <span class='ocrx_word' id='word_1_189' title='bbox 1717 2094 2029 2142; x_wconf 88' lang='lat' dir='ltr'>instrumenti</span> <span class='ocrx_word' id='word_1_190' title='bbox 2052 2110 2202 2158; x_wconf 89' lang='lat' dir='ltr'>penes</span> <span class='ocrx_word' id='word_1_191' title='bbox 2227 2094 2406 2142; x_wconf 64' lang='lat' dir='ltr'>dictum</span> 
     </span>
    </p>
   </div>
   <div class='ocr_carea' id='block_1_13' title="bbox 372 2183 2405 2250">
    <p class='ocr_par' dir='ltr' id='par_1_13' title="bbox 372 2179 2521 2250">
     <span class='ocr_line' id='line_1_20' title="bbox 372 2183 2405 2250; baseline -0 -17"><span class='ocrx_word' id='word_1_192' title='bbox 372 2186 623 2233; x_wconf 90' lang='lat' dir='ltr'>dominum</span> <span class='ocrx_word' id='word_1_193' title='bbox 665 2184 943 2249; x_wconf 86' lang='lat' dir='ltr'>episcopum</span> <span class='ocrx_word' id='word_1_194' title='bbox 988 2183 1220 2233; x_wconf 89' lang='lat' dir='ltr'>refidenti</span> <span class='ocrx_word' id='word_1_195' title='bbox 1261 2184 1471 2250; x_wconf 87' lang='lat' dir='ltr'>figillum</span> <span class='ocrx_word' id='word_1_196' title='bbox 1510 2200 1767 2232; x_wconf 90' lang='lat' dir='ltr'>commune</span> <span class='ocrx_word' id='word_1_197' title='bbox 1810 2184 2014 2248; x_wconf 86' lang='lat' dir='ltr'>capituli</span> <span class='ocrx_word' id='word_1_198' title='bbox 2054 2185 2115 2233; x_wconf 91' lang='lat' dir='ltr'>de</span> <span class='ocrx_word' id='word_1_199' title='bbox 2157 2184 2405 2233; x_wconf 89' lang='lat' dir='ltr'>Aberbro-</span> 
     </span>
    </p>
   </div>
   <div class='ocr_carea' id='block_1_14' title="bbox 371 2276 2405 2432">
    <p class='ocr_par' dir='ltr' id='par_1_14' title="bbox 371 2274 2514 2432">
     <span class='ocr_line' id='line_1_21' title="bbox 372 2276 2405 2340; baseline -0 -15"><span class='ocrx_word' id='word_1_200' title='bbox 372 2277 487 2325; x_wconf 90' lang='lat' dir='ltr'>thoc</span> <span class='ocrx_word' id='word_1_201' title='bbox 512 2276 582 2324; x_wconf 86' lang='lat' dir='ltr'>est</span> <span class='ocrx_word' id='word_1_202' title='bbox 606 2277 869 2340; x_wconf 86' lang='lat' dir='ltr'>appensum</span> <span class='ocrx_word' id='word_1_203' title='bbox 893 2292 950 2324; x_wconf 90' lang='lat' dir='ltr'>ac</span> <span class='ocrx_word' id='word_1_204' title='bbox 973 2276 1104 2340; x_wconf 88' lang='lat' dir='ltr'>parti</span> <span class='ocrx_word' id='word_1_205' title='bbox 1126 2293 1278 2340; x_wconf 90' lang='lat' dir='ltr'>penes</span> <span class='ocrx_word' id='word_1_206' title='bbox 1302 2276 1457 2324; x_wconf 58' lang='lat' dir='ltr'>diuos</span> <span class='ocrx_word' id='word_1_207' title='bbox 1493 2277 1717 2324; x_wconf 88' lang='lat' dir='ltr'>abbatem</span> <span class='ocrx_word' id='word_1_208' title='bbox 1754 2283 1803 2324; x_wconf 89' lang='lat' dir='ltr'>et</span> <span class='ocrx_word' id='word_1_209' title='bbox 1838 2283 2137 2325; x_wconf 87' lang='lat' dir='ltr'>conuentum</span> <span class='ocrx_word' id='word_1_210' title='bbox 2163 2277 2223 2324; x_wconf 91' lang='lat' dir='ltr'>de</span> <span class='ocrx_word' id='word_1_211' title='bbox 2249 2276 2405 2325; x_wconf 85' lang='lat' dir='ltr'>Aber-</span> 
     </span>
     <span class='ocr_line' id='line_1_22' title="bbox 371 2366 2405 2432; baseline -0.002 -16"><span class='ocrx_word' id='word_1_212' title='bbox 371 2367 578 2415; x_wconf 89' lang='lat' dir='ltr'>brothoc</span> <span class='ocrx_word' id='word_1_213' title='bbox 600 2366 830 2414; x_wconf 86' lang='lat' dir='ltr'>refidenti</span> <span class='ocrx_word' id='word_1_214' title='bbox 854 2367 1010 2414; x_wconf 57' lang='lat' dir='ltr'>dictus</span> <span class='ocrx_word' id='word_1_215' title='bbox 1034 2366 1260 2414; x_wconf 90' lang='lat' dir='ltr'>dominus</span> <span class='ocrx_word' id='word_1_216' title='bbox 1286 2367 1538 2431; x_wconf 85' lang='lat' dir='ltr'>episcopus</span> <span class='ocrx_word' id='word_1_217' title='bbox 1573 2366 1782 2432; x_wconf 83' lang='lat' dir='ltr'>figillum</span> <span class='ocrx_word' id='word_1_218' title='bbox 1809 2367 1946 2415; x_wconf 90' lang='lat' dir='ltr'>suum</span> <span class='ocrx_word' id='word_1_219' title='bbox 1978 2384 2076 2415; x_wconf 89' lang='lat' dir='ltr'>vna</span> <span class='ocrx_word' id='word_1_220' title='bbox 2108 2383 2219 2415; x_wconf 94' lang='lat' dir='ltr'>cum</span> <span class='ocrx_word' id='word_1_221' title='bbox 2252 2366 2405 2432; x_wconf 88' lang='lat' dir='ltr'>figillo</span> 
     </span>
    </p>
   </div>
   <div class='ocr_carea' id='block_1_15' title="bbox 374 2456 2402 2522">
    <p class='ocr_par' dir='ltr' id='par_1_15' title="bbox 374 2454 2488 2522">
     <span class='ocr_line' id='line_1_23' title="bbox 374 2456 2402 2522; baseline 0 -16"><span class='ocrx_word' id='word_1_222' title='bbox 374 2458 575 2522; x_wconf 85' lang='lat' dir='ltr'>capituli</span> <span class='ocrx_word' id='word_1_223' title='bbox 599 2457 670 2506; x_wconf 90' lang='lat' dir='ltr'>sui</span> <span class='ocrx_word' id='word_1_224' title='bbox 693 2457 873 2521; x_wconf 86' lang='lat' dir='ltr'>apponi</span> <span class='ocrx_word' id='word_1_225' title='bbox 907 2456 1025 2505; x_wconf 84' lang='lat' dir='ltr'>fecit</span> <span class='ocrx_word' id='word_1_226' title='bbox 1048 2484 1060 2495; x_wconf 91' lang='lat'><strong>·</strong></span> <span class='ocrx_word' id='word_1_227' title='bbox 1084 2457 1266 2506; x_wconf 70' lang='lat' dir='ltr'>Actum</span> <span class='ocrx_word' id='word_1_228' title='bbox 1301 2464 1350 2507; x_wconf 88' lang='lat' dir='ltr'>et</span> <span class='ocrx_word' id='word_1_229' title='bbox 1385 2458 1553 2506; x_wconf 85' lang='lat' dir='ltr'>datum</span> <span class='ocrx_word' id='word_1_230' title='bbox 1587 2458 1639 2506; x_wconf 91' lang='lat' dir='ltr'>in</span> <span class='ocrx_word' id='word_1_231' title='bbox 1675 2458 1892 2522; x_wconf 89' lang='lat' dir='ltr'>capitulo</span> <span class='ocrx_word' id='word_1_232' title='bbox 1927 2458 1989 2506; x_wconf 89' lang='grc'>(16</span> <span class='ocrx_word' id='word_1_233' title='bbox 2024 2457 2368 2506; x_wconf 87' lang='lat' dir='ltr'>Aberbrothoc</span> <span class='ocrx_word' id='word_1_234' title='bbox 2392 2486 2402 2496; x_wconf 91' lang='lat'><strong>·</strong></span> 
     </span>
    </p>
   </div>
   <div class='ocr_carea' id='block_1_16' title="bbox 373 2547 1195 2612">
    <p class='ocr_par' dir='ltr' id='par_1_16' title="bbox 373 2547 1195 2612">
     <span class='ocr_line' id='line_1_24' title="bbox 373 2547 1195 2612; baseline -0.001 -16"><span class='ocrx_word' id='word_1_235' title='bbox 373 2548 524 2596; x_wconf 91' lang='lat' dir='ltr'>Anno</span> <span class='ocrx_word' id='word_1_236' title='bbox 549 2547 629 2596; x_wconf 87' lang='lat' dir='ltr'>die</span> <span class='ocrx_word' id='word_1_237' title='bbox 653 2554 702 2596; x_wconf 90' lang='lat' dir='ltr'>et</span> <span class='ocrx_word' id='word_1_238' title='bbox 726 2547 851 2596; x_wconf 88' lang='lat' dir='ltr'>ciclo</span> <span class='ocrx_word' id='word_1_239' title='bbox 875 2547 1160 2612; x_wconf 64' lang='lat' dir='ltr'>supradictis</span> <span class='ocrx_word' id='word_1_240' title='bbox 1186 2577 1195 2586; x_wconf 92' lang='lat'>-</span> 
     </span>
    </p>
   </div>
   <div class='ocr_carea' id='block_1_17' title="bbox 373 2797 1325 2868">
    <p class='ocr_par' dir='ltr' id='par_1_17' title="bbox 373 2797 1325 2868">
     <span class='ocr_line' id='line_1_25' title="bbox 373 2797 1325 2868; baseline -0.001 0"><span class='ocrx_word' id='word_1_241' title='bbox 373 2797 648 2868; x_wconf 82' lang='lat' dir='ltr'>Affedatio</span> <span class='ocrx_word' id='word_1_242' title='bbox 672 2826 804 2867; x_wconf 90' lang='lat' dir='ltr'>terre</span> <span class='ocrx_word' id='word_1_243' title='bbox 829 2819 890 2867; x_wconf 91' lang='lat' dir='ltr'>de</span> <span class='ocrx_word' id='word_1_244' title='bbox 915 2818 1290 2867; x_wconf 88' lang='lat' dir='ltr'>Douenaldston</span> <span class='ocrx_word' id='word_1_245' title='bbox 1315 2846 1325 2858; x_wconf 89' lang='lat'><strong>·</strong></span> 
     </span>
    </p>
   </div>
   <div class='ocr_carea' id='block_1_18' title="bbox 191 2976 2404 3244">
    <p class='ocr_par' dir='ltr' id='par_1_18' title="bbox 191 2976 2404 3244">
     <span class='ocr_line' id='line_1_26' title="bbox 191 2976 2404 3063; baseline -0 -18"><span class='ocrx_word' id='word_1_246' title='bbox 191 2997 330 3063; x_wconf 86' lang='lat'><strong>[335]</strong></span> <span class='ocrx_word' id='word_1_247' title='bbox 376 2977 635 3050; x_wconf 81' lang='lat' dir='ltr'>Omnibus</span> <span class='ocrx_word' id='word_1_248' title='bbox 658 3000 746 3048; x_wconf 86' lang='lat' dir='ltr'>has</span> <span class='ocrx_word' id='word_1_249' title='bbox 768 3000 958 3049; x_wconf 87' lang='lat' dir='ltr'>litteras</span> <span class='ocrx_word' id='word_1_250' title='bbox 983 3000 1155 3049; x_wconf 84' lang='lat' dir='ltr'>visuris</span> <span class='ocrx_word' id='word_1_251' title='bbox 1190 3000 1273 3050; x_wconf 86' lang='lat' dir='ltr'>vel</span> <span class='ocrx_word' id='word_1_252' title='bbox 1306 2976 1547 3048; x_wconf 88' lang='lat' dir='ltr'>audituris</span> <span class='ocrx_word' id='word_1_253' title='bbox 1582 2997 1866 3047; x_wconf 89' lang='lat' dir='ltr'>Bernardus</span> <span class='ocrx_word' id='word_1_254' title='bbox 1893 2997 2202 3063; x_wconf 87' lang='lat' dir='ltr'>permiflione</span> <span class='ocrx_word' id='word_1_255' title='bbox 2237 2996 2404 3046; x_wconf 80' lang='lat' dir='ltr'>diuina</span> 
     </span>
     <span class='ocr_line' id='line_1_27' title="bbox 375 3087 2402 3140; baseline -0.001 -2"><span class='ocrx_word' id='word_1_256' title='bbox 375 3091 524 3139; x_wconf 85' lang='lat' dir='ltr'>abbas</span> <span class='ocrx_word' id='word_1_257' title='bbox 548 3092 608 3139; x_wconf 89' lang='lat' dir='ltr'>de</span> <span class='ocrx_word' id='word_1_258' title='bbox 633 3091 981 3140; x_wconf 86' lang='lat' dir='ltr'>Aberbrothoc</span> <span class='ocrx_word' id='word_1_259' title='bbox 1005 3098 1054 3140; x_wconf 93' lang='lat' dir='ltr'>et</span> <span class='ocrx_word' id='word_1_260' title='bbox 1077 3091 1292 3140; x_wconf 88' lang='lat' dir='ltr'>eiusdem</span> <span class='ocrx_word' id='word_1_261' title='bbox 1313 3091 1413 3138; x_wconf 90' lang='lat' dir='ltr'>loci</span> <span class='ocrx_word' id='word_1_262' title='bbox 1438 3097 1710 3139; x_wconf 89' lang='lat' dir='ltr'>conuentus</span> <span class='ocrx_word' id='word_1_263' title='bbox 1735 3090 1938 3139; x_wconf 91' lang='lat' dir='ltr'>salutem</span> <span class='ocrx_word' id='word_1_264' title='bbox 1969 3090 2022 3138; x_wconf 90' lang='lat' dir='ltr'>in</span> <span class='ocrx_word' id='word_1_265' title='bbox 2044 3089 2264 3137; x_wconf 91' lang='lat' dir='ltr'>Domino</span> <span class='ocrx_word' id='word_1_266' title='bbox 2287 3087 2402 3136; x_wconf 87' lang='lat' dir='ltr'>sem-</span> 
     </span>
     <span class='ocr_line' id='line_1_28' title="bbox 373 3177 2404 3244; baseline -0.002 -16"><span class='ocrx_word' id='word_1_267' title='bbox 373 3181 618 3244; x_wconf 88' lang='lat' dir='ltr'>piternam</span> <span class='ocrx_word' id='word_1_268' title='bbox 652 3207 662 3217; x_wconf 88' lang='lat'><strong>·</strong></span> <span class='ocrx_word' id='word_1_269' title='bbox 698 3181 953 3230; x_wconf 87' lang='lat' dir='ltr'>Noueritis</span> <span class='ocrx_word' id='word_1_270' title='bbox 976 3198 1066 3230; x_wconf 87' lang='lat' dir='ltr'>nos</span> <span class='ocrx_word' id='word_1_271' title='bbox 1096 3183 1158 3231; x_wconf 88' lang='lat' dir='ltr'>de</span> <span class='ocrx_word' id='word_1_272' title='bbox 1193 3181 1412 3230; x_wconf 88' lang='lat' dir='ltr'>vnanimi</span> <span class='ocrx_word' id='word_1_273' title='bbox 1447 3181 1678 3230; x_wconf 89' lang='lat' dir='ltr'>consensu</span> <span class='ocrx_word' id='word_1_274' title='bbox 1712 3188 1762 3229; x_wconf 88' lang='lat' dir='ltr'>et</span> <span class='ocrx_word' id='word_1_275' title='bbox 1795 3180 1979 3230; x_wconf 82' lang='lat' dir='ltr'>affensu</span> <span class='ocrx_word' id='word_1_276' title='bbox 2013 3180 2170 3230; x_wconf 87' lang='lat' dir='ltr'>tocius</span> <span class='ocrx_word' id='word_1_277' title='bbox 2205 3177 2404 3243; x_wconf 89' lang='lat' dir='ltr'>capituli</span> 
     </span>
    </p>
   </div>
  </div>
 </body>
</html>
