2612 3926
361 369 440 417 xiv
1223 367 1534 418 TABULA.

365 516 462 558 225.
493 513 772 558 Confirmacio
792 513 972 557 Honorii
990 529 1109 572 pape.
1171 515 1341 570 [1220.]
1402 514 1553 571 Reyist.
1583 514 1663 556 Vet.
1675 513 1716 569 f.
1741 513 1837 565 111,
1996 541 2008 553 .
2184 543 2194 553 .
2244 512 2296 555 P.
2315 514 2398 557 159

366 589 463 631 226.
495 587 774 631 Confirmacio
796 587 991 646 Gregorii
1009 603 1128 645 pape.
1173 588 1343 644 [1234]
1403 587 1557 644 Reyist.
1586 587 1666 629 Vet.
1678 586 1718 643 f.
1745 586 1843 638 111,
2001 616 2011 625 .
2188 617 2197 626 .
2342 587 2397 629 ib.

941 926 1127 987 03prstst
1150 926 1301 975 tabula
1323 927 1494 986 ttgfzttu
1517 925 1640 974 hmti
1662 926 1831 985 prefixa.

503 1075 750 1128 [CARTAE
778 1075 952 1114 ALIAE
985 1075 1234 1115 VETERES
1261 1076 1383 1116 NON
1413 1077 1455 1116 N
1457 1076 1774 1116 UMERATAE
1806 1076 1920 1116 NEC
1951 1077 2016 1116 IN
2047 1076 2276 1116 TABULA

753 1160 958 1199 VETERI
990 1159 1268 1200 INSERTAE
1300 1161 1413 1201 NEC
1448 1161 1667 1201 ORDINE
1698 1161 2028 1202 DISPOSITAE

1109 1246 1173 1285 IN
1208 1246 1322 1287 MSS.
1351 1246 1667 1299 ANTIQUIS.]

377 1391 474 1432 227.
503 1387 817 1430 Perambulacio
850 1388 960 1431 inter
992 1388 1206 1433 Abbatem
1241 1390 1293 1432 de
1321 1389 1613 1432 Aberbrothoc
1648 1396 1692 1432 et
1723 1389 1974 1432 comitissam
2006 1389 2058 1433 de
2088 1389 2268 1434 Buchan

561 1476 684 1518 super
701 1461 821 1503 terris
840 1461 891 1504 de
911 1461 1113 1519 Taruays,
1139 1462 1190 1505 A.
1211 1462 1268 1505 D.
1291 1464 1416 1506 1251.
1475 1463 1626 1519 Reyist.
1663 1463 1738 1506 Vet.
1749 1463 1791 1520 f.
1815 1464 1883 1514 10,
1955 1459 1957 1461 ’
2012 1495 2023 1505 .
2199 1495 2208 1504 .
2331 1464 2411 1506 161

380 1536 475 1578 228.
506 1533 820 1576 Perambulacio
840 1534 950 1577 inter
969 1541 1099 1577 terras
1118 1537 1357 1579 monasterii
1372 1536 1424 1579 (16
1442 1535 1747 1589 Aberbrothoc,
1763 1543 1806 1579 et
1824 1536 2053 1579 Baroniam
2072 1536 2125 1579 de
2145 1536 2268 1593 Kyn-

561 1607 823 1651 blathmund.
883 1609 1008 1651 1219.
1068 1609 1221 1666 Reqist.
1251 1611 1330 1654 Vet.
1343 1611 1385 1667 f.
1408 1611 1476 1664 10,
1639 1642 1649 1651 .
1826 1642 1836 1652 .
2015 1643 2025 1653 .
2201 1643 2211 1652 .
2333 1612 2413 1654 162

381 1683 477 1725 229.
507 1681 758 1738 Recognicio
786 1682 1158 1739 perambulacionis
1186 1683 1297 1726 inter
1324 1690 1455 1727 terras
1485 1682 1538 1725 (16
1567 1650 1861 1726 Aberbrothoc
1887 1689 1931 1726 et
1964 1683 2192 1727 Baroniam
2222 1684 2273 1726 (16

564 1754 931 1810 Kynblathmund.
992 1756 1117 1800 1227.
1175 1757 1328 1814 Reqist.
1352 1758 1432 1802 Vet.
1444 1757 1485 1814 f.
1509 1759 1577 1808 10,
1641 1789 1652 1800 .
2203 1791 2214 1800 .
2335 1760 2417 1801 163

383 1829 479 1870 230.
509 1827 754 1870 Notandum
775 1827 826 1870 de
846 1828 986 1870 divisis
1004 1836 1047 1871 et
1066 1829 1187 1872 metis
1206 1836 1316 1873 terre
1336 1830 1388 1873 de
1407 1830 1540 1888 Nigg.
1601 1832 1728 1876 1281.
1786 1832 1940 1889 Reyist.
1966 1832 2046 1875 Vet.
2057 1832 2098 1889 f.
2123 1833 2191 1886 11,
2331 1834 2415 1876 164

383 1901 478 1943 231.
508 1900 755 1942 Notandum
794 1901 845 1943 de
883 1900 1074 1944 libertate
1113 1902 1361 1959 Regalitatis
1399 1905 1639 1948 monasterii
1678 1905 1730 1948 (16
1767 1895 2074 1948 Aberbrothoc.
2149 1908 2274 1951 1299.

567 1974 717 2030 Reyist.
746 1974 825 2016 Vet.
838 1975 880 2031 f.
903 1975 972 2029 11,

1267 2010 1277 2019 .
2019 2012 2030 2021 .
2207 2011 2217 2022 .
2363 1981 2420 2022 ib.

386 2048 481 2090 232.
511 2046 757 2089 Notandum
776 2047 828 2090 de
847 2047 1042 2091 marchiis
1061 2048 1113 2091 de
1133 2048 1438 2106 Dunnechtyn.
1497 2052 1651 2108 Reqist.
1675 2052 1755 2095 Vet.
1766 2053 1809 2109 f.
1833 2053 1901 2107 11,
2019 2085 2029 2095 .
2338 2054 2421 2096 165

387 2121 484 2162 233.
517 2120 641 2161 Carta
651 2119 857 2163 Willelmi
868 2121 997 2179 Regis
1010 2137 1134 2179 super
1145 2130 1256 2166 terra
1268 2123 1319 2166 de
1333 2124 1566 2184 Inverpefir
1580 2142 1774 2171 concessa
1788 2127 2045 2186 Walkelyno
2060 2129 2280 2172 braciatori

571 2207 657 2234 suo.
717 2209 753 2235 c.
776 2195 900 2237 1200.
959 2196 1111 2252 Reyist.
1136 2197 1215 2239 Vet.
1228 2198 1270 2254 f.
1292 2200 1359 2251 11,
1461 2233 1471 2242 .
1647 2234 1657 2244 .
2365 2205 2420 2246 il}-

389 2267 486 2309 234.
517 2265 646 2309 Carta
676 2266 898 2324 Reginaldi
917 2268 957 2310 le
978 2268 1124 2312 Cheen
1147 2270 1199 2313 de
1228 2278 1339 2316 terra
1365 2274 1417 2317 de
1442 2274 1637 2333 Ardlogy
1663 2283 1706 2318 et
1733 2276 1785 2319 de
1811 2233 2081 2333 Lenthendy.
2155 2278 2279 2322 1285.

573 2340 724 2396 Reyist.
748 2341 828 2383 Vet.
839 2342 880 2397 f.
904 2343 970 2396 12,
1650 2381 1660 2391 .
2341 2352 2424 2393 166

392 2413 488 2456 235.
520 2411 745 2455 Ordinacio
766 2413 940 2457 Hemici
961 2416 1140 2474 episcopi
1170 2418 1480 2464 Aberdonensis
1511 2437 1637 2480 super
1659 2423 1815 2466 vicaria
1843 2423 1895 2466 de
1926 2423 2280 2480 Fyvyn.1285.

575 2486 726 2542 Reqist.
752 2487 830 2530 Vet.
843 2489 884 2544 f.
907 2489 2424 2543 12,167

394 2560 490 2602 236.
522 2558 703 2602 Taxacio
722 2559 864 2603 David
892 2561 1089 2620 Episcopi
1120 2563 1266 2608 Sancti
1295 2567 1468 2611 Α11(11·66
1495 2568 1547 2612 (16
1575 2569 1738 2612 vicariis
1771 2569 1880 2612 dicte
1911 2570 2095 2613 diocesis.
2158 2572 2282 2615 1249.

577 2632 698 2676 Echio
716 2634 813 2677 MS.
835 2643 872 2677 et
889 2635 1040 2692 Reqist.
1072 2638 1146 2681 Vet.
1160 2640 1202 2695 f.
1225 2641 2425 2694 15,168

395 2706 491 2748 237.
524 2703 749 2749 Ordinacio
783 2706 977 2763 Symonis
1009 2710 1187 2769 episcopi
1213 2711 1489 2757 Moraviensis
1521 2731 1646 2774 super
1668 2717 1832 2760 vicariis
1856 2716 1908 2760 de
1939 2716 2210 2760 Aberkerdor
2240 2726 2283 2760 et

577 2779 794 2837 Invernys.
855 2782 981 2826 1248.
1039 2783 1191 2840 Reyist.
1220 2786 1299 2829 Vet.
1311 2787 1354 2844 f.
1378 2788 1445 2840 15,
1652 2821 1662 2831 .
1841 2822 1852 2832 .
2026 2823 2037 2832 .
2192 2824 2225 2834 ..
2345 2793 2430 2836 170

397 2852 494 2894 238.
523 2851 704 2894 Taxacio
734 2853 938 2897 Jud1cum
975 2855 1260 2914 delegatorum
1286 2874 1412 2917 super
1437 2861 1600 2905 vicariis
1633 2862 1679 2905 in
1713 2863 1952 2921 episcopatu
1977 2863 2282 2908 Aberdonensi.

583 2926 706 2968 1250.
766 2927 916 2983 Reyist.
940 2929 1019 2971 Vet.
1031 2930 1072 2986 f.
1096 2931 1162 2985 16,

317 3013 320 3015 ’
400 2998 497 3041 239.
528 2995 752 3040 ordinacio
770 2998 918 3042 Albini
937 3002 1118 3060 episcopi
1131 3003 1438 3062 Brechynensis
1457 3023 1582 3067 super
1601 3009 1764 3053 vicariis
1786 2967 1895 3053 dicte
1915 3010 2098 3054 diocesis.
2161 3013 2286 3055 1248.

584 3071 734 3127 Reqist.
763 3072 842 3115 Vet.
854 3073 894 3130 f.
918 3075 985 3128 17,

2347 2940 2426 2982 171

2348 3086 2399 3129 1“7
2403 3087 2430 3128 4
