2554 3900
365 419 462 474 296
806 417 1227 468 REGISTRUM
1261 417 1357 466 DE
1393 417 1944 468 ABERBROTHOC.

368 619 541 690 Carta
562 648 804 689 terrarum
828 641 888 688 de
913 640 1127 705 Forglen
1153 668 1162 677 ·

184 807 325 874 [340]
372 800 644 872 Uniuerfis
680 819 927 883 presentes
967 819 1157 867 litteras
1195 818 1479 882 inspecturis
1519 820 1813 876 malcolmus
1851 821 1911 868 de
1952 819 2235 876 COunimuss(
2274 820 2400 868 filius

371 913 615 975 quondam
641 909 826 958 domini
852 909 1043 957 Thome
1068 910 1129 957 de
1152 909 1436 964 COunimusk
1459 909 1622 959 militis
1646 910 1848 959 salutem
1870 911 1923 958 in
1940 910 2158 958 Domino
2187 940 2197 950 ·
2236 910 2399 959 Noue-

369 1003 475 1051 ritis
515 1019 593 1049 me
628 1000 931 1049 infeodatum
969 998 1061 1047 effe
1099 1015 1187 1062 per
1225 999 1453 1046 dominos
1486 1016 1619 1047 meos
1664 1001 1912 1049 dominum
1953 1001 2262 1050 Bernardum
2303 1001 2401 1050 Dei

369 1094 530 1158 gratia
553 1093 778 1140 abbatem
814 1091 875 1138 de
902 1089 1248 1138 Aberbrothwc
1282 1098 1331 1137 et
1366 1090 1578 1139 eiusdem
1612 1090 1710 1139 loci
1745 1099 2042 1140 conuentum
2077 1093 2308 1141 deterra
2342 1094 2401 1141 de

371 1183 587 1248 Forglen
610 1182 663 1229 in
685 1182 779 1229 hec
803 1180 955 1228 verba
979 1209 989 1219 ·
1019 1179 1188 1229 Sciant
1213 1197 1380 1227 omnes
1405 1187 1504 1228 tam
1527 1180 1775 1244 presentes
1800 1199 1947 1245 quam
1981 1182 2134 1230 futuri
2159 1184 2291 1247 quod
2314 1200 2402 1231 nos

325 1294 329 1298 ’
367 1275 519 1322 frater
556 1272 839 1321 Bernardus
875 1270 1183 1335 permiffione
1221 1270 1392 1318 diuina
1428 1270 1576 1318 abbas
1613 1272 1674 1318 de
1714 1272 2062 1321 Aberbrothoc
2100 1280 2148 1321 et
2186 1273 2399 1321 eiusdem

368 1365 466 1413 loci
490 1369 762 1413 conuentus
787 1363 848 1410 de
874 1361 1090 1426 expresso
1117 1360 1349 1409 consensu
1373 1367 1421 1408 et
1445 1360 1627 1408 assensu
1651 1361 1808 1409 tocius
1834 1362 2036 1426 capituli
2060 1362 2213 1410 nostri
2235 1363 2401 1412 habito

368 1456 511 1519 super
533 1454 628 1502 hoc
651 1453 788 1517 prius
813 1452 1038 1517 diligenti
1061 1453 1270 1500 tra&atu
1296 1450 1696 1514 considerataque
1722 1451 1931 1500 vtilitate
1949 1454 2232 1501 monasterii
2250 1453 2401 1502 nostri
2482 1486 2484 1488 -
2503 1495 2505 1498 .

370 1546 592 1594 dedimus
629 1541 942 1592 conceffimus
978 1551 1026 1592 et
1059 1543 1273 1608 presenti
1309 1548 1446 1591 carta
1468 1539 1635 1588 nostra
1658 1541 2052 1590 confirmauimus
2088 1571 2098 1581 ·
2135 1544 2401 1598 malcolmo
2486 1583 2490 1587 .

370 1639 431 1685 de
455 1635 736 1691 munimusk
759 1634 860 1682 filio
896 1635 1143 1698 quondam
1171 1633 1358 1681 domini
1395 1632 1586 1681 Thome
1622 1633 1683 1684 de
1718 1634 1999 1689 munimusk
2035 1642 2187 1683 totam
2222 1643 2403 1684 terram

369 1726 583 1775 nostram
609 1726 669 1773 de
688 1725 903 1790 Forglen
929 1742 1022 1788 que
1046 1724 1261 1788 pertinet
1293 1725 1356 1772 ad
1380 1723 1748 1772 Bracberinach
1774 1742 1885 1772 cum
1910 1725 2133 1773 omnibus
2157 1727 2402 1789 pertinen-

370 1819 457 1866 ciis
491 1817 584 1864 suis
619 1833 717 1864 vna
751 1833 862 1863 cum
896 1816 1002 1863 iure
1037 1823 1326 1879 patronatus
1362 1813 1560 1864 ecclefie
1601 1815 1815 1863 eiusdem
1849 1822 1981 1864 terre
2025 1815 2313 1864 Tenendam
2356 1824 2403 1865 et
2484 1821 2488 1827 '

369 1909 645 1957 habendam
681 1907 840 1955 eidem
875 1906 1143 1962 COalcolmo
1179 1914 1228 1955 et
1261 1906 1524 1954 heredibus
1563 1901 1756 1955 suis*de
1795 1907 1935 1955 nobis
1974 1914 2022 1955 et
2059 1908 2402 1956 successoribus

369 2000 546 2048 nostris
568 1999 914 2063 inperpetuum
936 1997 1288 2061 liberequiete
1322 1997 1543 2061 plenarie
1580 2005 1628 2045 et
1662 1997 1932 2046 honorifice
1969 2015 2080 2046 cum
2116 1999 2423 2074 omnimodis)
2483 1992 2487 2045 s

369 2091 676 2139 libertatibus
718 2088 1027 2154 ayfiamentis
1074 2095 1123 2136 et
1170 2088 1595 2137 commoditatibus
1643 2089 1705 2157 ad
1752 2089 1933 2137 dictam
1973 2097 2157 2138 terram
2198 2091 2259 2137 de
2299 2091 2403 2138 iure

369 2181 693 2247 spectantibus
741 2180 820 2228 vel
864 2180 917 2227 in
957 2179 1180 2230 ,futurum
1227 2180 1442 2243 spestare
1477 2179 1765 2227 ‘valentibus
1807 2208 1818 2218 ·
1864 2180 2201 2229 Concesfimus
2249 2182 2401 2229 eciam
2471 2163 2473 2166 Ι

372 2273 531 2321 61(16111
568 2279 616 2320 et
651 2271 914 2319 heredibus
951 2270 1044 2317 suis
1080 2270 1266 2318 curiam
1301 2270 1434 2318 suam
1471 2271 1531 2318 de
1566 2247 1844 2319 hominibus
1870 2267 1932 2319 111
1970 2272 2099 2330 diaa
2135 2280 2268 2320 terra
2307 2290 2403 2321 ma-

373 2364 602 2412 nentibus
643 2363 703 2409 de
745 2360 1034 2408 omnimodis
1078 2359 1272 2424 placitis
1314 2367 1363 2409 et
1403 2361 1615 2424 querelis
1655 2361 1787 2410 infra
1827 2363 2004 2411 dieitam
2045 2370 2229 2411 terram
2270 2381 2403 2412 acce-

372 2456 489 2503 dere
531 2452 806 2501 valentibus
847 2468 959 2499 cum
997 2449 1387 2499 amerciamentis
1429 2458 1477 2499 et
1518 2451 1753 2500 eschaetis
1795 2453 1911 2511 inde
1951 2452 2073 2501 iuste
2112 2450 2404 2517 prouenien-⁴

370 2546 499 2595 tibus
534 2544 679 2593 saluis
719 2543 860 2591 nobis
902 2549 951 2590 et
991 2541 1333 2589 successoribus
1373 2541 1551 2590 nostris
1595 2542 1789 2606 placitis
1835 2543 2145 2591 mouentibus
2187 2544 2248 2592 de
2289 2560 2402 2607 qua-

372 2646 485 2685 tuor
531 2634 744 2699 querelis
790 2634 854 2681 ad
902 2649 1135 2682 coronam
1183 2632 1369 2680 domini
1416 2633 1547 2699 regis
1603 2633 1975 2697 pertinentibus*
2014 2635 2068 2682 in
2119 2635 2341 2691 omnibus
2390 2662 2399 2672 -

373 2728 548 2776 Dictus
582 2743 701 2775 uero
736 2724 1031 2781 malcolmus
1066 2731 1116 2772 et
1148 2723 1356 2772 heredes
1390 2725 1462 2772 sui
1497 2724 1679 2773 facient
1711 2725 1765 2772 in
1801 2725 2021 2774 exercitu
2056 2725 2243 2776 domini
2274 2725 2426 2790 regis'
2480 2712 2484 2713 ⁷

370 2819 568 2867 nomine
591 2817 757 2865 nostro
780 2815 1042 2864 seruicium
1075 2832 1165 2879 pro
1202 2816 1330 2864 dieta
1364 2808 1511 2865 terra*
1532 2816 1665 2879 quod
1699 2815 1913 2879 pertinet
1949 2817 2012 2864 ad
2046 2815 2399 2870 Bracbennach

372 2909 603 2973 quociens
629 2924 750 2971 opus
774 2906 924 2954 fuerit
957 2923 1048 2970 pro
1084 2905 1217 2954 omni
1252 2906 1349 2954 alio
1383 2906 1588 2957 seculari
1623 2906 1830 2954 seruicio
1866 2914 1915 2955 et
1950 2891 2192 2956 demanda
2226 2886 2246 2944 ·⁶
2274 2907 2399 2954 Red·
2489 2953 2497 2961 ,

369 3001 529 3049 dendo
563 3000 679 3047 inde
714 2997 1098 3046 nichilhominus
1132 2997 1273 3045 nobis
1309 3003 1358 3045 et
1391 2997 1735 3045 successoribus
1770 2996 1946 3046 nostris
1981 2997 2081 3061 ipse
2118 3006 2166 3046 et
2197 2997 2398 3046 heredes

368 3092 440 3139 sui
465 3091 595 3154 apud
622 3088 967 3137 Aberbrothoc
1003 3087 1258 3136 annuatim
1294 3088 1621 3153 quadraginta
1654 3088 1831 3136 solidos
1856 3088 2049 3153 argenti
2073 3088 2269 3136 nomine
2302 3088 2397 3135 feo-

370 3182 571 3229 dofirme
596 3183 658 3229 ad
683 3182 804 3229 duos
839 3182 957 3230 anni
992 3181 1227 3230 terminos
1263 3179 1492 3228 videlicet
1527 3179 1702 3244 viginti
1738 3180 1914 3228 solidos
1939 3163 2011 3229 ad
2036 3179 2210 3234 festum
2238 3178 2398 3229 Sanffi
