2554 3900
580 397 1004 450 REGISTRUM
1035 396 1131 446 DE
1168 395 1727 447 ABERBROTHOC.
2098 402 2194 451 263

155 533 223 585 est
256 532 372 583 dieti
405 530 715 595 Episcopiet
751 528 951 579 ecclesie
988 527 1355 577 Aberdonensis
1392 535 1440 576 et
1481 536 1612 577 terre
1651 529 1712 576 de
1755 529 2108 580 Deffuenemor
2145 542 2192 580 et

155 624 347 675 Achlek
381 639 473 687 que
510 621 579 670 est
613 621 852 669 diaorum
877 618 1087 668 Abbatis
1124 624 1173 666 et
1206 617 1494 667 Conuentus
1523 620 1584 666 de
1619 619 1957 668 Abirbrothoc
1992 622 2190 670 tandem

155 723 206 765 vt
239 714 393 763 omnis
428 712 634 761 materia
663 710 960 760 dissensionis
995 710 1252 758 tolleretur
1277 709 1338 756 de
1363 709 1525 756 medio
1551 709 1823 774 Episcopus
1850 717 1899 759 et
1923 712 2189 775 capitulum

156 803 582 869 compromiserunt
618 801 669 850 in
709 801 830 850 duos
869 801 1074 850 clericos
1113 816 1234 863 quos
1273 801 1337 848 ad
1377 801 1508 849 diem
1549 801 1837 866 assignatum
1880 802 2191 850 decreuerint

153 911 413 963 procurare
451 901 499 942 et
537 893 706 942 Abbas
748 901 796 942 et
840 892 1129 942 Conuentus
1167 890 1219 937 in
1261 891 1384 938 duos
1424 891 1630 939 clericos
1668 908 1790 955 quos
1832 909 1891 940 ex
1932 892 2016 940 sua
2050 900 2191 956 parte

154 988 405 1038 voluerant
438 984 711 1050 producere
736 983 948 1032 arbitros
973 1010 983 1020 ·
1019 982 1084 1030 Et
1110 988 1318 1044 vtraque
1342 998 1456 1045 pars
1483 981 1814 1046 compromisit
1845 982 1898 1030 in
1922 982 2190 1047 Episcopos

155 1075 505 1127 Morauiens'em
531 1072 808 1122 Rossensem
833 1072 1152 1121 Katinensem
1189 1079 1241 1120 vt
1276 1089 1400 1120 vnus
1436 1089 1605 1120 eorum
1641 1072 1724 1137 qui
1754 1073 1965 1121 voluerit
1989 1081 2038 1122 et
2063 1091 2190 1122 com-

155 1167 339 1217 modius
356 1163 601 1215 interesset
620 1163 677 1212 sit
697 1164 882 1213 arbiter
901 1163 1120 1227 superior
1140 1169 1192 1210 vt
1210 1169 1422 1226 quatuor
1442 1163 1503 1211 de
1519 1163 1754 1227 prediffis
1773 1164 1971 1212 arbitris
1990 1164 2069 1213 vel
2087 1172 2187 1213 tres

156 1258 232 1307 vel
264 1256 349 1306 soli
383 1256 478 1304 duo
514 1272 624 1303 cum
660 1254 846 1302 arbitro
881 1253 1130 1318 superiore
1167 1261 1302 1302 certo
1332 1254 1412 1302 die
1435 1254 1580 1318 super
1605 1256 1787 1303 eisdem
1812 1255 1957 1304 terris
1982 1272 2040 1304 ac
2063 1255 2188 1303 limi-

155 1348 278 1398 tibus
294 1345 556 1396 earundem
576 1345 636 1393 de
651 1344 800 1408 plano
820 1351 869 1393 et
888 1343 987 1392 fine
1005 1342 1211 1408 strepitu
1230 1344 1450 1392 iudiciali
1470 1345 1650 1393 auditis
1669 1345 1988 1409 petitionibus
2008 1351 2055 1394 et
2074 1346 2190 1394 iuri-

155 1439 241 1487 bus
258 1436 499 1500 Vtriusque
517 1435 670 1499 partis
695 1443 796 1483 tam
819 1435 963 1499 super
985 1433 1266 1499 possessione
1291 1452 1438 1499 quam
1456 1436 1600 1500 super
1623 1436 1926 1500 proprietate
1950 1436 2190 1499 predifita-

155 1544 260 1576 rum
278 1526 537 1575 diuisarum
561 1532 610 1573 et
632 1525 843 1574 limitum
867 1526 1054 1590 eligant
1078 1532 1125 1573 et
1150 1525 1414 1574 admittant
1438 1526 1584 1574 testes
1608 1526 1773 1574 neutri
1791 1526 1922 1589 parti
1947 1526 2190 1590 suspthos

157 1617 380 1667 videlicet
412 1616 590 1664 milites
625 1615 1007 1664 liberetenentes
1043 1623 1091 1663 et
1127 1616 1285 1664 tocius
1321 1624 1451 1665 terre
1485 1618 1733 1666 fideliores
1766 1625 1815 1666 et
1841 1617 2021 1666 clarius
2043 1618 2190 1667 huius

157 1708 228 1758 rei
261 1707 512 1756 veritatem
549 1708 894 1771 cognoscentes
932 1713 980 1755 et
1017 1723 1187 1754 eorum
1223 1707 1550 1771 depositiones
1587 1709 1640 1757 in
1679 1709 1869 1773 scriptis
1906 1710 2190 1773 redigerent

157 1798 458 1864 singulariter
492 1805 540 1846 et
573 1797 791 1862 legitime
827 1798 1218 1846 examinatorum
1255 1797 1479 1856 Quorum
1515 1799 1897 1864 depositionibus
1926 1800 2189 1864 publicatis

157 1889 270 1939 diffi
291 1888 461 1938 arbitri
486 1905 652 1937 omnes
677 1889 757 1936 vel
789 1889 946 1937 maior
969 1906 1082 1953 pars
1108 1891 1254 1938 deum
1278 1906 1367 1953 pre
1404 1891 1558 1938 oculis
1592 1891 1829 1940 habentes
1854 1898 1903 1939 et
1927 1892 2188 1956 condemp-

158 1979 401 2030 nationem
434 1979 706 2028 animarum
739 1979 931 2027 suarum
965 1996 1056 2044 per
1092 1983 1257 2031 omnia
1293 1981 1615 2030 formidantes
1652 1982 2023 2031 arbitrabuntur
2046 1983 2190 2047 super

159 2070 294 2120 diffie
316 2069 477 2119 diuisis
510 2069 682 2118 iustam
718 2077 766 2118 et
801 2071 1090 2119 canonicam
1124 2072 1422 2122 sentenciam
1456 2073 1721 2121 secundum
1751 2089 1920 2121 eorum
1947 2073 2191 2122 conscien-

159 2159 249 2209 tias
271 2167 319 2209 et
340 2160 575 2226 legittime
598 2161 805 2225 probata
819 2162 1187 2227 promulgantes
1212 2164 1291 2213 Ita
1315 2171 1480 2212 tamen
1505 2165 1638 2228 quod
1662 2165 1723 2213 ab
1741 2164 1891 2213 inicio
1917 2164 2034 2212 dieti
2053 2165 2189 2229 Epis·

161 2251 268 2314 copi
288 2250 646 2300 Aberdonensis
671 2259 719 2301 et
755 2253 939 2301 arbiter
973 2253 1193 2318 superior
1227 2254 1280 2302 in
1315 2254 1530 2318 propriis
1564 2255 1783 2319 personis
1824 2272 1935 2303 cum
1970 2254 2189 2320 insigniis

162 2341 254 2390 suis
272 2349 319 2390 et
337 2358 444 2390 cum
461 2343 644 2392 maiore
667 2343 1006 2408 solempnitate
1032 2352 1081 2394 et
1099 2347 1248 2395 abbas
1266 2345 1555 2394 au&oritate
1574 2345 1805 2411 Episcopi
1824 2346 2189 2395 Aberdonensis

166 2431 442 2483 sententiam
481 2435 994 2483 excommunicationis
1031 2437 1414 2502 promulgabunt
1453 2437 1506 2484 in
1545 2453 1713 2485 omnes
1750 2438 1862 2486 illos
1908 2446 2009 2486 tam
2044 2438 2188 2486 testes

167 2523 447 2585 quamalios
481 2525 563 2588 qui
599 2526 709 2574 odio
744 2526 914 2574 fauore
945 2543 1093 2591 prece
1129 2528 1208 2576 vel
1241 2528 1412 2593 precio
1447 2528 1528 2576 seu
1562 2527 1872 2592 promissione
1909 2529 1988 2577 vel
2023 2545 2188 2577 amore

167 2611 331 2660 falsum
347 2613 676 2677 perhibuerint
698 2618 841 2681 super
860 2618 989 2666 dian
1012 2619 1220 2684 negocio
1245 2619 1576 2669 testimonium
1595 2619 1674 2667 vel
1698 2619 1954 2668 falsitatem
1979 2620 2188 2669 fecerint

167 2703 248 2750 seu
263 2701 369 2750 sieri
389 2706 756 2767 procurauerint
776 2738 786 2748 ·
811 2707 877 2757 Et
901 2709 1246 2758 terminabitur
1269 2710 1399 2758 istud
1423 2710 1680 2758 arbitrium
1707 2717 1820 2758 ante
1839 2709 2186 2773 penthecosten

167 2791 282 2839 anni
314 2793 476 2857 gracie
509 2795 742 2846 millesimi
777 2798 1091 2848 ducentesimi
1126 2800 1514 2866 quinquagesimi
1549 2801 1709 2864 quinti
1745 2801 1834 2848 nisi
1870 2801 2070 2849 interim
2093 2819 2187 2866 pax

164 2881 291 2931 inter
312 2890 472 2947 partes
496 2884 632 2949 poffit
653 2888 909 2938 reformari
934 2917 943 2926 ·
968 2890 1035 2939 Et
1060 2890 1309 2941 sciendum
1335 2893 1467 2956 quod
1484 2892 1702 2956 predi&e
1726 2900 1892 2956 partes
1917 2893 2190 2958 obligauer-

164 2980 251 3021 unt
273 2973 320 3021 se
342 2974 528 3038 prefato
552 2977 753 3028 arbitrio
778 2979 1042 3030 secundum
1067 2983 1275 3031 formam
1301 2983 1520 3047 superius
1543 2982 1936 3046 prenominatam
1959 2983 2045 3032 sub
2062 3001 2190 3048 pena

165 3070 358 3112 centum
391 3065 620 3116 librarum
655 3070 996 3120 soluendarum
1033 3091 1062 3121 a
1094 3080 1236 3137 parte
1269 3074 1330 3122 ab
1363 3073 1568 3121 arbitrio
1593 3071 1826 3122 resilienti
1850 3074 1980 3138 parti
2007 3074 2190 3124 volenti

163 3154 413 3205 arbitrium
447 3158 701 3210 obseruare
723 3189 734 3200 ·
773 3161 1038 3212 Sciendum
1074 3164 1230 3213 eciam
1266 3164 1398 3228 quod
1433 3163 1652 3227 predi&e
1687 3170 1852 3228 partes
1881 3163 2194 3214 subiecerunt
