2554 3900
357 434 453 476 300
801 424 1223 476 REGISTRUM
1255 424 1351 473 DE
1388 420 1945 471 ABERBROTHOC.

359 560 393 608 J
396 559 603 608 ohannis
626 576 716 623 pro
742 559 870 607 dieto
895 564 1176 608 tenemento
1202 555 1364 604 dando
1400 563 1449 604 et
1485 554 1800 626 concedendo
1836 551 2056 600 saifinam
2089 552 2215 600 (11ἃο
2244 551 2394 601 saline

360 667 471 699 cum
493 650 813 714 pertinenciis
835 649 969 697 saluo
987 650 1099 712 jure
1125 646 1379 696 cuiussibet
1413 673 1422 684 ·
1459 645 1526 693 Et
1560 645 1727 693 statuit
1762 644 1923 692 eidem
1958 642 2088 691 diem
2122 643 2307 691 sabbati
2342 643 2395 690 in

361 741 570 790 crastino
597 740 760 790 sanai
785 739 976 787 Thome
1001 737 1216 786 martiris
1238 737 1463 801 proximo
1486 737 1768 800 sequentem
1792 736 1856 784 ad
1880 734 2233 782 ostendendum
2265 735 2396 798 apud

360 833 704 881 Aberbrothoc
728 830 938 894 qualiter
962 830 1143 877 di8cam
1164 829 1368 876 salinam
1393 844 1505 876 cum
1527 826 1839 891 pertinentiis
1864 834 1999 874 tenet
2034 826 2095 873 de
2132 825 2311 873 eisdem
2347 833 2396 872 et

361 925 423 971 ad
447 923 725 972 faciendum
749 921 952 969 vlterius
986 920 1252 968 secundum
1284 925 1511 966 tenuram
1546 916 1679 964 suam
1714 918 1848 981 quod
1875 918 1956 980 jus
1990 915 2309 980 postulaverit
2345 915 2396 962 in

360 1015 452 1062 hac
475 1020 614 1076 parte
650 1039 660 1048 ·
696 1011 761 1060 Et
785 1011 1062 1059 reseruatur
1087 1010 1246 1058 eidem
1269 1008 1305 1056 J
1307 1008 1491 1056 ohanni
1515 1007 1769 1071 presencia
1791 1008 1877 1054 sua
1911 1006 2077 1055 uersus
2113 1006 2300 1054 curiam
2335 1006 2395 1053 de

360 1104 486 1152 Erth
510 1112 558 1151 et
590 1103 887 1166 alios‘super
921 1101 1101 1149 iniusta
1133 1099 1451 1164 perceptione
1485 1098 1625 1145 firme
1661 1097 1778 1146 dieti
1812 1097 2081 1145 tenementi
2116 1098 2233 1145 dum
2267 1097 2398 1145 idem

359 1196 394 1244 J
397 1195 612 1242 ohannes
635 1193 728 1242 fuit
751 1193 803 1240 in
827 1193 993 1240 warda
1019 1199 1071 1241 ut
1104 1191 1379 1255 predifimm
1414 1189 1484 1238 est
1519 1216 1530 1227 ·
1564 1189 1625 1237 In
1651 1188 1788 1237 cuius
1820 1188 1894 1236 rei
1926 1187 2256 1237 testimonium
2289 1205 2397 1251 pre-

360 1289 466 1335 sens
489 1286 719 1349 scriptum
741 1284 923 1332 mutuis
947 1282 1115 1347 figillis
1141 1282 1382 1330 <licitorum
1417 1281 1606 1330 abbatis
1639 1288 1688 1329 et
1722 1280 1757 1328 J
1760 1280 1966 1328 ohannis
2002 1278 2315 1344 confignatur
2351 1287 2399 1328 et

362 1379 492 1442 apud
516 1386 774 1439 Vtrumque
798 1374 976 1424 residet
1001 1373 1335 1438 confignatum
1371 1402 1381 1412 ·
1421 1371 1602 1421 Αᾶ11111
1637 1379 1685 1420 01
1722 1373 1890 1421 datum
1925 1371 2004 1420 die
2038 1371 2149 1419 loco
2185 1379 2234 1419 et
2269 1389 2398 1419 anno

362 1469 520 1533 primo
543 1467 733 1532 scriptis
758 1494 767 1503 ·

366 1717 537 1790 Carta
558 1737 804 1802 hostflagfi
828 1738 888 1785 de
912 1736 1077 1784 Peblis
1101 1763 1111 1773 -

182 1908 320 1974 [344]
365 1898 574 1970 Notum
597 1917 654 1965 fit
678 1916 902 1964 omnibus
929 1915 1112 1965 Christi
1135 1913 1359 1962 fidelibus
1382 1913 1580 1977 presens
1603 1911 1837 1975 scriptum
1861 1910 2032 1959 visuris
2059 1911 2139 1959 uel
2163 1911 2400 1960 audituris
2503 1887 2514 1943 '³1

368 2010 500 2074 quod
532 2025 621 2056 nos
655 2008 807 2056 frater
842 2007 1126 2055 Bernardus
1159 2004 1467 2070 permiffione
1503 2003 1672 2051 diuina
1706 2003 1855 2051 abbas
1890 2003 1951 2050 de
1976 2002 2321 2051 Aberbrothoc
2354 2011 2403 2051 et

370 2102 583 2150 eiusdem
628 2100 745 2149 loci*
773 2106 1045 2148 conuentus
1092 2099 1153 2145 de
1201 2093 1416 2160 exprefl'o
1465 2093 1696 2143 consensu
1745 2094 1902 2142 tocius
1949 2094 2152 2158 capituli
2198 2093 2350 2141 nostri
2378 2078 2401 2130 '.

369 2194 538 2241 damus
574 2189 886 2239 concedimus
921 2197 969 2238 et
1003 2188 1217 2253 presenti
1253 2195 1390 2236 carta
1423 2184 1588 2233 nostra
1623 2184 1964 2232 confirmamus
1988 2184 2239 2233 Willelmo
2275 2184 2401 2238 dicto

367 2287 581 2339 Ct)aceon
619 2310 629 2320 ·
668 2279 895 2345 burgenfi
932 2281 993 2328 de
1032 2280 1196 2328 Peblis
1239 2286 1288 2327 et
1323 2277 1589 2335 heredibus
1629 2276 1725 2323 suis
1766 2283 1920 2324 totam
1966 2284 2147 2324 terram
2188 2276 2403 2323 nostram
2482 2267 2485 2271 ⁸

368 2390 514 2437 quam
552 2372 787 2420 habemus
827 2370 880 2418 in
920 2371 1076 2435 burgo
1113 2371 1173 2418 de
1208 2369 1372 2418 Peblis
1406 2368 1650 2416 iacentem
1683 2366 1813 2416 inter
1849 2374 2028 2416 terram
2065 2367 2100 2416 J
2103 2367 2307 2415 ohannis
2342 2367 2402 2414 de

366 2465 479 2512 lacu
504 2480 564 2511 ex
587 2469 727 2526 parte
764 2460 962 2509 australi
997 2478 1057 2508 ex
1090 2468 1231 2524 parte
1260 2476 1354 2507 vna
1388 2467 1437 2507 et
1471 2467 1654 2508 terram
1678 2458 1713 2506 J
1716 2458 1923 2506 ohannis
1956 2459 2045 2506 filii
2068 2458 2308 2507 Willelmi
2343 2475 2401 2506 ex

367 2564 507 2620 parte
550 2553 725 2602 boriali
766 2570 826 2600 ex
865 2560 1005 2616 parte
1047 2552 1201 2599 altera
1247 2567 1392 2614 quam
1439 2549 1744 2598 Laurencius
1791 2551 1852 2598 de
1898 2524 2110 2615 Wedayl
2156 2551 2217 2599 de
2263 2550 2402 2598 nobis
2476 2538 2477 2541 Ἰ

368 2646 526 2695 10111111
552 2653 600 2694 01
624 2661 770 2708 quam
805 2644 934 2692 idem
958 2642 1263 2691 Laurencius
1299 2658 1465 2690 coram
1498 2641 1758 2705 fidedignis
1785 2659 1875 2705 per
1898 2641 2078 2690 fustum
2103 2649 2152 2690 et
2174 2641 2400 2690 baculum
2472 2702 2481 2703 ἶ

368 2738 508 2786 nobis
531 2736 714 2784 sursum
738 2735 956 2784 reddidit
980 2751 1038 2783 ac
1062 2741 1219 2783 totum
1242 2733 1318 2781 ius
1343 2724 1391 2783 et
1416 2734 1656 2782 clameum
1679 2735 1811 2798 quod
1833 2734 1887 2782 in
1906 2734 2037 2783 dieta
2054 2742 2188 2782 terra
2203 2733 2374 2781 habuit
2391 2759 2402 2769 ⁴

370 2830 449 2878 vel
484 2845 679 2892 quoquo
714 2828 861 2875 modo
891 2826 1077 2891 ¹habere
1113 2824 1275 2889 potuit
1314 2853 1324 2864 ·
1359 2842 1450 2889 pro
1485 2824 1532 2873 se
1558 2833 1607 2873 et
1630 2825 1891 2874 heredibus
1917 2826 2010 2874 suis
2035 2825 2234 2873 omnino
2257 2823 2400 2887 refig-

370 2920 507 2968 nauit
540 2920 594 2967 in
627 2925 920 2996 perpetuum
943 2944 954 2954 ·
991 2917 1281 2965 Tenendam
1316 2924 1365 2965 et
1397 2917 1675 2965 habendam
1711 2917 1839 2965 (11ἃο
1864 2917 2116 2966 Willelmo
2141 2923 2191 2964 et
2212 2914 2400 2964 heredi-

370 3013 460 3059 bus
483 3010 579 3058 suis
601 3010 654 3057 in
676 3000 887 3057 liberum
911 3008 1203 3072 burgagium
1227 3008 1287 3055 de
1311 3007 1452 3055 nobis
1476 3015 1525 3056 et
1550 3005 1893 3056 succefl'oribus
1917 3006 2095 3054 nostris
2119 3023 2230 3055 cum
2254 3004 2402 3054 omniss

370 3104 460 3151 bus
485 3100 908 3149 commoditatibus
933 3098 1208 3148 afiamentis
1238 3106 1287 3147 et
1320 3097 1455 3147 iustis
1489 3097 1807 3162 pertinenciis
1842 3098 1937 3146 suis
1961 3124 1971 3134 ·
1995 3097 2130 3146 salua
2179 3096 2319 3145 nobis
2353 3102 2401 3144 et

372 3190 712 3243 successoribus
735 3190 910 3239 nostris
934 3190 1128 3239 iusticia
1150 3190 1423 3256 regalitatis
1448 3196 1497 3238 et
1516 3189 1624 3237 aliis
1642 3189 1836 3253 placitis
1854 3188 2029 3236 nostris
2047 3188 2099 3236 in
2118 3188 2248 3236 dicta
2271 3194 2401 3236 terra
