2554 3900
18 1685 22 1747 Ι

589 421 1013 474 REGISTRUM
1046 420 1145 470 DE
1183 418 1738 472 ABERBROTHOC.
2091 428 2188 481 279

151 562 289 610 beate
313 557 472 607 Marie
499 555 704 620 virginis
727 570 873 602 vnam
902 553 1156 601 dimidiam
1178 551 1361 600 bollam
1385 551 1580 601 seminis
1603 553 1746 618 grani
1775 553 1971 618 synapis
2005 580 2017 593 ο
2052 555 2117 605 Et
2148 556 2183 604 fl

152 649 402 712 contingat
431 647 563 710 quod
586 644 707 693 abfit
729 660 809 692 me
835 643 917 691 uel
940 642 1145 691 heredes
1169 659 1303 691 meos
1330 641 1382 691 in
1408 643 1725 692 solutionibus
1747 644 1980 708 prediffis
2004 645 2054 693 in
2080 653 2184 695 toto

151 746 233 788 aut
254 739 306 786 in
328 743 467 801 parte
493 736 555 784 ad
590 734 804 797 aliquem
839 734 1163 782 terminorum
1198 734 1529 798 predi&orum
1564 735 1719 800 gratis
1754 735 1980 800 exigente
2017 744 2185 785 contu·
2236 720 2241 724 .

151 828 306 878 macia
335 827 414 876 vel
458 824 735 874 defensione
784 824 958 873 fraude
1008 825 1091 872 seu
1139 824 1269 872 malo
1317 824 1519 889 ingenio
1556 826 1766 874 deficere
1803 826 1973 875 licebit
2007 834 2186 875 extunc

152 918 287 969 dietis
309 915 545 981 religiosis
570 916 630 964 de
655 915 785 964 diaa
815 922 950 963 terra
972 932 1063 979 pro
1095 915 1235 963 libito
1265 915 1533 965 voluntatis
1570 916 1651 965 sue
1687 916 1918 965 ordinare
1953 917 2108 966 libere
2138 927 2187 967 et

154 1011 414 1074 desponere
429 1034 440 1045 ·
456 1014 504 1056 et
523 1007 799 1070 cuicunque
820 1006 1068 1055 voluerint
1084 1022 1176 1070 pro
1201 1007 1458 1054 commodo
1481 1004 1764 1056 monasterii
1789 1006 2004 1060 affedare
2023 1034 2032 1045 ·
2051 1008 2187 1057 nulla

153 1101 343 1166 penitus
383 1097 718 1148 conuencione
766 1097 935 1145 littera
976 1097 1061 1146 sua
1107 1097 1298 1162 patenti
1345 1095 1427 1145 seu
1466 1099 1789 1161 proponendo
1822 1098 2042 1148 obstante
2079 1129 2088 1139 -
2126 1099 2187 1148 In

154 1191 287 1241 cuius
320 1190 394 1239 rei
433 1188 763 1239 testimonium
806 1187 1112 1252 presentibus
1148 1186 1356 1252 sigillum
1392 1203 1555 1235 meum
1594 1189 1751 1253 gratis
1787 1206 1954 1238 coram
1988 1190 2187 1239 domino

153 1281 318 1332 Dauid
341 1281 527 1329 decano
552 1277 919 1327 christianitatis
944 1279 1006 1327 de
1033 1278 1239 1343 Anegus
1263 1286 1314 1327 et
1347 1278 1430 1327 del
1452 1277 1644 1327 Memis
1668 1308 1679 1319 ·
1705 1280 1904 1328 domino
1941 1278 2187 1331 Mauricio

154 1378 385 1439 perpetuo
418 1369 602 1419 vicario
638 1370 699 1418 de
724 1369 1074 1418 Aberbrothoc
1098 1377 1148 1418 et
1171 1368 1280 1417 aliis
1302 1369 1563 1434 fidedignis
1587 1371 1955 1435 quampluribus
1987 1374 2187 1438 apposui

153 1479 325 1530 gerens
355 1460 629 1526 impressam
666 1461 948 1526 ymaginem
985 1459 1234 1509 cuiusdam
1259 1459 1471 1508 caniculi
1494 1461 1712 1525 gerentis
1735 1461 1788 1510 in
1813 1463 1954 1511 dorso
1979 1463 2185 1513 formam

156 1553 339 1605 arboris
373 1551 548 1602 ramofi
589 1580 600 1591 ·
642 1551 828 1600 Datum
873 1552 1005 1616 apud
1046 1550 1395 1600 Aberbrothoc
1432 1550 1511 1600 die
1554 1551 1739 1600 sabbati
1774 1552 1827 1600 in
1868 1553 1988 1602 festo
2023 1553 2187 1604 Sanffl

157 1644 330 1696 Jaeobi
353 1643 559 1709 apostoli
584 1660 716 1693 anno
739 1643 907 1708 gracie
931 1642 1181 1693 millesimo
1205 1640 1545 1690 trecentesimo
1570 1642 1760 1691 decimo
1787 1675 1796 1684 -

158 1893 366 1966 Littera
386 1912 696 1979 penfionaria
720 1912 921 1963 ecclefie
946 1914 1007 1962 de
1034 1912 1321 1978 Hautwysel
1345 1939 1354 1949 ·

43 2088 123 2156 24]
161 2072 466 2146 Venerabili
502 2095 556 2143 in
599 2093 798 2144 Christo
835 2095 968 2159 patri
1008 2112 1067 2143 ac
1108 2094 1308 2142 domino
1346 2092 1599 2142 Willelmo
1635 2092 1734 2142 Dei
1773 2094 1936 2157 gratia
1969 2094 2194 2159 episcopo

164 2183 505 2235 Sanctiandree
545 2185 618 2233 sui
664 2185 716 2234 in
758 2186 984 2234 omnibus
1031 2193 1080 2234 et
1129 2201 1219 2250 per
1265 2184 1432 2232 omnia
1476 2183 1686 2232 humiles
1733 2191 1782 2232 et
1828 2185 1997 2233 deuoti
2042 2185 2195 2235 frater

161 2274 437 2324 Bernardus
503 2275 813 2340 permiffione
874 2276 1090 2325 eiusdem
1159 2275 1311 2323 abbas
1377 2274 1663 2323 monasterii
1730 2275 1792 2323 de
1849 2275 2195 2325 Aberbrothoc

162 2373 210 2414 et
243 2365 456 2425 eiusdem
496 2366 594 2416 loci
636 2374 910 2416 conuentus
950 2367 1155 2416 salutem
1196 2373 1246 2414 et
1285 2374 1387 2415 tam
1428 2366 1650 2432 debitam
1685 2382 1832 2430 quam
1874 2367 2103 2416 deuotam
2143 2368 2196 2415 in

163 2457 379 2507 omnibus
412 2459 753 2508 reuerenciam
788 2476 900 2508 cum
933 2458 1123 2507 honore
1161 2485 1171 2496 ·
1211 2455 1344 2514 Quia
1377 2456 1432 2504 in
1468 2456 1675 2506 ceffione
1715 2458 1917 2522 dompni
1949 2457 1986 2506 J
1988 2458 2195 2507 ohannis

164 2548 223 2597 de
245 2548 587 2598 Aberbrothoc
618 2566 776 2614 nuper
812 2549 1002 2598 abbatis
1036 2547 1190 2597 nostri
1230 2564 1292 2596 ex
1327 2547 1644 2596 incumbente
1681 2547 1820 2596 uobis
1855 2547 2011 2596 officio
2045 2549 2195 2597 reser-

164 2638 307 2705 uastis
342 2639 480 2688 uobis
515 2639 843 2705 prouifionem
883 2639 1043 2688 eidem
1080 2638 1280 2687 domino
1317 2637 1354 2687 J
1355 2638 1540 2687 ohanni
1575 2638 1850 2687 faciendam
1889 2638 2110 2687 volumus
2148 2648 2196 2688 et

167 2729 474 2779 concedimus
508 2747 599 2795 per
635 2731 884 2795 presentes
920 2730 1054 2794 quod
1089 2746 1178 2778 uos
1211 2730 1404 2779 faciatis
1439 2728 1527 2778 fibi
1565 2736 1614 2778 et
1649 2730 1734 2778 vni
1769 2729 1901 2779 socio
1935 2730 1997 2778 de
2031 2730 2195 2778 nostro

169 2818 371 2886 collegio
409 2821 767 2870 sustentationis
807 2821 1005 2871 nomine
1039 2820 1368 2885 prouifionem
1404 2822 1458 2869 in
1499 2820 1703 2869 ecclefia
1741 2820 1907 2869 nostra
1941 2821 2002 2868 de
2039 2819 2195 2870 Haut-

82 2963 89 2969 ,
169 2909 310 2975 wysel
332 2937 343 2949 ·
377 2911 640 2960 secundum
665 2913 798 2976 quod
820 2912 961 2961 nobis
986 2919 1036 2961 et
1065 2912 1361 2961 monasterio
1384 2911 1550 2960 nostro
1575 2927 1634 2960 ae
1657 2911 1743 2959 fibi
1766 2910 1940 2960 melius
1964 2912 2196 2975 expedire

171 2999 388 3051 videritis
409 3002 480 3051 ita
502 3009 666 3051 tamen
691 3004 824 3067 quod
847 3003 1012 3052 abbati
1046 3003 1130 3051 suo
1165 3010 1214 3052 et
1250 3003 1412 3052 ordini
1446 3001 1569 3051 ficut
1603 3002 1746 3051 decet
1783 3001 1840 3051 fit
1875 3002 2109 3051 obediens
2148 3011 2197 3052 et

171 3092 440 3156 proprietas
480 3093 608 3142 dicte
651 3093 850 3143 ecclefie
891 3111 1044 3159 penes
1082 3111 1173 3142 nos
1214 3102 1264 3144 et
1302 3092 1650 3142 monasterium
1689 3092 1907 3141 nostrum
1945 3101 2198 3142 remaneat

174 3169 326 3246 pleno·
349 3183 457 3232 iure
489 3212 499 3221 -
536 3184 598 3233 In
633 3185 771 3234 cuius
802 3185 876 3234 rei
914 3185 1246 3235 testimonium
1269 3184 1481 3251 sigillum
1515 3199 1771 3232 commune
1804 3183 2007 3247 capituli
2044 3183 2195 3232 nostri
