2554 3900
600 424 1025 476 REGISTRUM
1056 425 1154 474 DE
1188 424 1742 476 ABERBROTHOC.
2103 435 2198 484 295

170 560 281 609 liter
302 556 567 622 premuniti
592 557 890 605 tenebuntur
915 557 978 604 ad
1003 556 1189 605 curiam
1214 557 1401 605 abbatis
1426 557 1596 605 venire
1620 574 1710 621 pro
1731 557 2041 621 vigoracione
2062 561 2194 608 curie

169 652 249 700 sue
283 676 293 687 ·
326 648 391 697 Et
428 647 463 695 fi
501 647 656 695 dietus
693 647 863 695 Dauid
900 648 1192 696 amerciatus
1229 647 1376 696 fuerit
1411 648 1462 695 in
1501 648 1638 697 curia
1672 649 1856 696 domini
1892 650 2078 698 abbatis
2105 668 2195 714 pro

169 740 368 808 propria
395 738 597 802 querela
630 738 766 786 dabit
799 754 890 802 pro
927 739 1307 787 amerciamento
1344 739 1575 802 quociens
1611 739 1844 787 acciderit
1879 740 2093 804 quinque
2130 742 2197 788 so-

170 832 293 881 lidos
316 830 395 879 uel
420 845 565 878 vnam
590 845 790 878 vaccam
827 829 1043 893 exceptis
1078 829 1289 893 querelis
1326 830 1651 894 spe&antibus
1686 831 1749 878 ad
1782 831 2086 894 regalitatem
2119 833 2197 880 uel

170 920 411 988 plegiagio
435 918 635 969 alterius
658 918 863 983 persone
887 937 977 983 pro
1002 920 1178 983 quibus
1201 921 1336 969 dabit
1358 921 1517 985 legale
1546 922 1976 970 amerciamentum
1998 949 2007 959 ·
2027 929 2076 970 et
2097 930 2194 970 tam

170 1013 267 1079 ipse
291 1027 434 1076 quam
457 1009 680 1059 homines
705 1010 776 1058 sui
813 1012 1128 1062 contribuent
1162 1012 1214 1060 in
1249 1013 1446 1061 auxiliis
1480 1013 1631 1077 regiis
1667 1019 1716 1060 et
1745 1012 2022 1060 defensione
2056 1013 2196 1077 regni

170 1104 289 1153 sicut
310 1101 394 1151 alii
416 1101 565 1150 vicini
591 1101 675 1164 qui
699 1102 760 1149 de
785 1102 959 1151 abbate
984 1110 1154 1152 tenent
1177 1118 1267 1167 per
1291 1102 1523 1165 scriptum
1548 1129 1558 1139 ·
1582 1102 1817 1150 Preterea
1841 1103 1995 1151 diaus
2029 1102 2196 1151 Dauid

170 1196 238 1246 ita
259 1199 591 1258 competenter
615 1192 862 1241 edificabit
885 1193 1017 1242 infra
1040 1194 1222 1243 dictam
1258 1200 1438 1241 terram
1475 1193 1607 1255 quod
1642 1192 1867 1240 dominus
1901 1194 2048 1242 abbas
2084 1210 2194 1242 cum

169 1284 351 1335 familia
383 1284 469 1332 sua
502 1291 552 1331 et
587 1283 818 1332 monachi
854 1284 916 1332 de
954 1282 1304 1333 Aberbrothoc
1351 1282 1584 1346 quociens
1636 1283 1930 1331 aduenerint
1978 1284 2196 1346 poterint

171 1375 398 1424 decenter
419 1372 654 1437 hospitari
683 1372 859 1436 quibus
894 1373 1052 1421 difflaus
1086 1373 1255 1421 Dauid
1288 1373 1340 1421 in
1375 1373 1589 1437 ipsorum
1624 1373 1916 1422 aduentibus
1951 1374 2196 1423 tenebitur

169 1464 388 1515 inuenire
438 1462 666 1512 honestas
717 1463 889 1511 domus
934 1463 1093 1512 focale
1149 1464 1392 1528 foragium
1443 1464 1672 1512 leterium
1719 1473 1768 1512 et
1814 1464 1973 1512 albam
2021 1466 2195 1514 cande-

169 1557 263 1606 lam
296 1581 308 1593 ·
341 1554 407 1604 Et
442 1553 689 1603 sciendum
715 1554 848 1618 quod
882 1552 917 1601 fi
953 1554 1083 1602 dieta
1118 1561 1254 1603 terra
1290 1555 1351 1603 de
1389 1554 1727 1620 Dunnechtyn
1766 1571 1856 1619 per
1893 1572 2196 1604 communem

169 1662 392 1712 guerram
414 1644 563 1694 fuerit
586 1644 831 1693 destru&a
864 1644 947 1693 seu
983 1645 1236 1694 deuastata
1269 1647 1426 1695 distus
1449 1645 1616 1694 Dauid
1646 1662 1746 1693 non
1781 1646 2100 1710 compelletur
2135 1648 2197 1695 ad

168 1738 354 1787 firmam
376 1735 464 1784 nisi
489 1743 730 1800 quatenus
752 1753 843 1800 per
868 1735 1000 1784 viros
1022 1735 1297 1801 fidedignos
1321 1736 1521 1802 probari
1556 1736 1740 1800 poterit
1773 1736 1905 1799 quod
1941 1737 2001 1784 de
2036 1736 2197 1785 frueti—

168 1830 256 1880 bus
278 1828 403 1877 diste
426 1834 557 1876 terre
585 1827 865 1891 perceperit
890 1827 972 1875 seu
994 1826 1252 1891 percipere
1286 1835 1482 1892 poterat
1516 1854 1526 1865 ·
1562 1826 1833 1891 Propterea
1864 1827 1995 1875 idem
2029 1826 2199 1875 Dauid

170 1919 398 1985 solempni
421 1919 733 1984 stipulatione
756 1919 978 1983 promisit
1001 1919 1119 1967 dare
1156 1918 1210 1966 in
1246 1918 1380 1967 exitu
1419 1917 1588 1966 mortis
1611 1917 1692 1965 sue
1726 1923 1838 1965 ante
1864 1934 2039 1981 corpus
2063 1917 2197 1966 suum

171 2011 266 2061 siue
304 2011 435 2076 apud
471 2010 819 2059 Aberbrothoc
860 2010 1075 2074 sepultus
1112 2008 1262 2058 fuerit
1301 2008 1397 2055 siue
1437 2024 1538 2055 non
1584 2009 1691 2055 osto
1736 2007 1887 2055 boues
1933 2016 1982 2056 et
2019 2024 2194 2071 equum

170 2103 300 2152 suum
325 2102 405 2151 cui
427 2101 637 2151 insidere
662 2101 915 2151 consueuit
938 2100 1234 2150 monasterio
1258 2099 1319 2146 de
1344 2097 1690 2146 Aberbrothoc
1715 2097 1767 2146 in
1801 2098 2197 2163 recognicionem

171 2193 485 2244 fraternitatis
508 2194 590 2242 sue
625 2220 636 2231 ·
671 2193 738 2242 Et
761 2193 796 2242 fi
822 2193 1077 2258 contingat
1103 2193 1284 2241 dietum
1307 2188 1478 2238 Dauid
1499 2188 1691 2236 namari
1725 2188 1804 2237 vel
1836 2189 2058 2237 homines
2092 2189 2199 2237 suos

170 2285 309 2350 super
331 2285 557 2334 abbatem
581 2291 630 2333 et
655 2291 953 2333 conuentum
979 2285 1042 2333 ob
1070 2283 1285 2346 aliquam
1321 2280 1511 2329 causam
1547 2287 1596 2328 et
1631 2280 1896 2343 dampnum
1930 2280 2072 2344 super
2105 2279 2198 2327 hoc

170 2375 442 2425 sustinuerit
478 2375 664 2424 domini
705 2376 854 2425 abbas
889 2383 938 2424 et
987 2381 1260 2424 conuentus
1298 2372 1455 2435 ipsum
1492 2370 1807 2434 hominesque
1856 2370 1964 2417 suos
2011 2368 2197 2418 restitui

170 2467 349 2518 facient
371 2475 471 2517 tam
495 2468 556 2516 de
579 2468 736 2516 narnis
761 2484 908 2531 quam
933 2467 996 2516 de
1020 2465 1246 2531 dampnis
1281 2492 1291 2503 ·
1330 2462 1397 2512 Et
1420 2470 1474 2512 vt
1509 2461 1674 2510 omnia
1706 2460 1932 2525 premiffa
1965 2468 2074 2509 rata
2107 2459 2198 2509 fint

173 2567 220 2608 et
261 2557 538 2607 inconcussa
580 2566 904 2622 permaneant
938 2565 1086 2622 atque
1121 2556 1366 2618 vtrimque
1401 2553 1614 2603 fideliter
1649 2552 1968 2600 obseruentur
2000 2552 2196 2615 presens

173 2648 398 2714 scriptum
441 2649 494 2696 in
530 2649 730 2697 modum
782 2648 1082 2714 cyrographi
1132 2647 1203 2695 est
1254 2645 1528 2695 confestum
1578 2643 1714 2692 cuius
1752 2659 1850 2690 vna
1893 2658 2006 2705 pars
2046 2658 2195 2704 penes

172 2739 346 2788 diaum
369 2738 539 2788 Dauid
560 2755 820 2788 remanens
844 2739 1093 2789 communi
1116 2738 1270 2803 sigillo
1307 2736 1511 2801 capituli
1545 2735 1607 2783 de
1631 2732 1978 2782 Aberbrothoc
2013 2731 2197 2796 consig-

172 2837 314 2879 natur
337 2837 386 2879 et
408 2830 564 2879 altera
585 2847 700 2895 pars
723 2829 880 2895 sigillo
905 2831 1021 2880 djai
1045 2829 1214 2879 Dauid
1237 2836 1286 2878 et
1309 2826 1554 2877 communi
1588 2825 1742 2890 sigillo
1776 2823 1920 2888 burgi
1954 2822 2015 2871 de
2039 2822 2195 2871 Aber-

128 2916 130 2919 ’
171 2919 371 2970 brothoc
392 2938 543 2986 penes
567 2922 720 2970 didos
746 2923 972 2971 abbatem
996 2930 1047 2971 et
1071 2926 1367 2971 conuentum
1391 2917 1603 2966 residens
1627 2915 1698 2963 est
1721 2914 1955 2978 affignata
1983 2914 2035 2961 in
2071 2912 2196 2961 testi-

171 3013 384 3063 monium
408 3013 622 3062 omnium
647 3013 987 3078 premissorum
1012 3040 1022 3050 ·
