2554 3900
649 416 1072 468 REGISTRUM
1105 417 1202 466 DE
1238 418 1789 474 ABERBROTHOC.
2144 435 2240 478 303

206 551 342 601 curia
376 549 687 598 dominorum
722 566 943 598 meorum
982 550 1172 598 abbatis
1207 558 1257 599 et
1292 561 1565 602 conuentus
1600 555 1661 603 de
1685 555 2030 608 Aberbrothoc
2059 561 2236 610 ibidem

205 649 342 692 tenta
362 657 452 705 per
475 640 654 688 fustum
675 647 724 688 et
747 640 977 689 baculum
1001 640 1186 688 sursum
1211 642 1471 692 reddidisse
1496 644 1694 694 nomine
1715 646 1841 695 dicte
1865 647 2032 712 sponse
2050 666 2155 699 mee
2180 670 2236 700 ac

204 733 399 781 nomine
423 748 531 779 meo
555 731 747 779 ratione
775 731 901 779 dicte
926 732 1095 795 sponse
1120 732 1319 780 domino
1346 732 1601 783 Bernardo
1626 735 1724 784 Dei
1748 737 1909 801 gratia
1934 746 2050 788 tunc
2075 742 2236 790 abbati

57 857 62 864 -
119 799 122 802 Ι
157 818 159 820 ’
203 825 263 873 de
300 821 646 872 Aberbrothoc
690 829 739 870 et
780 821 995 870 eiusdem
1036 822 1131 871 loci
1181 825 1447 873 conuentui
1488 826 1652 874 omnia
1691 826 1950 893 hostilagia
1990 838 2147 878 terras
2188 841 2236 879 et

202 914 369 963 domos
410 939 420 950 ·
461 929 555 977 que
597 919 646 960 et
686 929 807 976 quas
849 912 980 962 dicta
1021 914 1280 962 Elizabeth
1323 923 1372 964 et
1413 933 1504 981 ego
1543 917 1736 966 ratione
1776 918 1848 967 sui
1889 921 2133 969 tenuimus
2174 923 2234 970 de

201 1005 377 1055 eisdem
415 1005 467 1052 in
507 1004 626 1052 villa
665 1004 726 1052 de
768 1004 1040 1054 Abberden
1080 1023 1170 1071 pro
1212 1006 1406 1055 defeo'tu
1443 1008 1575 1070 quod
1611 1025 1712 1057 non
1749 1009 1842 1058 fuit
1878 1011 2111 1060 seruitum
2150 1013 2234 1060 eis'-

199 1097 309 1144 dem
346 1095 407 1143 de
443 1093 597 1142 firmis
634 1101 684 1143 et
721 1092 991 1160 hostilagiis
1027 1113 1117 1160 per
1154 1114 1243 1146 nos
1282 1098 1458 1147 debitis
1495 1100 1795 1163 temporibus
1835 1104 2086 1151 retroaffis
2123 1133 2133 1142 ·
2170 1104 2234 1152 Et

198 1186 314 1252 quia
346 1185 531 1234 nullam
567 1192 752 1234 cartam
787 1186 1046 1235 habuimus
1087 1187 1437 1237 ostendendam
1474 1189 1613 1237 dietis
1648 1190 1883 1255 religiosis
1918 1192 2059 1256 super
2094 1194 2232 1241 diais

199 1276 469 1342 hostilagiis
505 1276 650 1324 terris
685 1284 735 1326 et
771 1276 997 1325 domibus
1033 1277 1150 1327 licet
1184 1296 1273 1343 per
1308 1296 1390 1328 eos
1426 1280 1491 1328 ad
1530 1297 1701 1329 eorum
1737 1282 1896 1331 curias
1934 1283 2053 1331 alias
2090 1286 2231 1348 super

197 1367 291 1416 hoc
323 1367 481 1432 sepius
516 1367 752 1416 fuerimus
793 1368 1071 1417 summoniti
1113 1397 1123 1408 -
1168 1369 1387 1419 Prodi&
1428 1377 1594 1419 tamen
1632 1371 1818 1419 domini
1857 1373 1954 1421 mei
1995 1374 2142 1422 abbas
2183 1383 2231 1422 et

197 1466 465 1523 conuentus
506 1466 729 1524 tempora
767 1477 947 1525 guerre
995 1467 1044 1508 et
1086 1460 1182 1508 alia
1221 1461 1534 1509 incommoda
1572 1478 1666 1525 que
1708 1462 1885 1511 dianam
1926 1464 2143 1527 sponsam
2184 1474 2233 1513 et

196 1569 272 1600 me
295 1599 299 1602 ,
319 1551 746 1600 circumuenerant
791 1551 1027 1616 Religiosa
1072 1551 1255 1616 pietate
1297 1550 1658 1601 considerantes
1705 1553 1765 1601 de
1805 1570 1942 1602 mera
1983 1555 2231 1604 voluntate

136 1675 139 1677 >
195 1643 278 1692 sua
315 1671 334 1690 ·.
364 1643 480 1692 licet
526 1644 590 1692 ad
635 1643 729 1692 hoc
775 1660 876 1692 non
923 1651 1211 1692 tenerentur
1258 1660 1318 1691 ex
1365 1642 1531 1691 debito
1574 1647 1591 1692 τ’
1634 1643 2014 1693 infeodauerunt
2060 1663 2137 1695 me
2184 1655 2231 1695 et

195 1734 370 1783 diaam
394 1733 652 1783 Elizabeth
687 1734 986 1784 hereditarie
1023 1742 1072 1783 et
1109 1733 1407 1783 coniunaim
1437 1734 1498 1782 de
1533 1751 1663 1782 nouo
1699 1735 1760 1784 de
1797 1735 1937 1784 dietis
1965 1736 2230 1802 hostilagiis

194 1826 337 1874 terris
372 1833 421 1874 et
456 1825 680 1874 domibus
716 1826 768 1874 in
803 1826 964 1874 forma
1004 1843 1099 1890 que
1143 1826 1361 1890 sequitur
1401 1853 1412 1864 ·
1455 1825 1640 1874 Notum
1684 1825 1740 1875 sit
1780 1809 2004 1876 omnibu's
2047 1828 2229 1877 Christi

193 1916 416 1966 fidelibus
453 1917 587 1980 quod
632 1934 722 1965 nos
759 1917 914 1967 frater
961 1916 1248 1965 Bernardus
1284 1916 1594 1981 permissione
1640 1918 1810 1967 diuina
1855 1919 2004 1968 abbas
2044 1922 2229 1968 monas-

193 2008 303 2058 terii
338 2009 398 2058 de
431 2009 780 2058 Aberbrothoc
821 2016 870 2058 et
911 2008 1125 2058 eiusdem
1166 2008 1262 2056 loci
1310 2016 1582 2071 conuentus
1629 2009 1690 2057 de
1738 2010 1954 2074 expresso
2001 2012 2229 2059 consensu

192 2100 347 2149 tocius
388 2100 589 2165 capituli
631 2100 785 2148 nostri
826 2101 998 2149 damus
1040 2099 1356 2148 concedimus
1392 2107 1441 2148 et
1480 2099 1692 2163 presenti
1734 2107 1871 2149 carta
1909 2101 2076 2150 nostra
2116 2119 2227 2150 con-

190 2190 436 2239 firmamus
476 2191 726 2247 COalcomo
767 2192 829 2240 de
871 2191 1166 2256 Hadington
1209 2198 1258 2238 et
1299 2190 1559 2239 Elizabeth
1599 2191 1766 2254 sponse
1809 2192 1889 2240 sue
1932 2193 2225 2241 coniunctim

189 2280 464 2346 plenarium
489 2283 664 2331 toftum
689 2283 910 2331 nostrum
946 2283 1079 2346 quod
1114 2282 1350 2330 habemus
1384 2281 1438 2329 in
1471 2282 1629 2346 burgo
1665 2282 1726 2330 de
1751 2282 2021 2332 Abberden
2046 2283 2225 2332 scilicet

193 2373 310 2422 duas
327 2374 591 2439 perticatas
610 2376 776 2423 versus
802 2374 1055 2424 castellum
1080 2381 1129 2423 et
1153 2374 1274 2422 duas
1291 2372 1558 2436 perticatas
1583 2389 1703 2436 quas
1726 2372 1960 2426 habemus
1983 2375 2035 2422 in
2054 2375 2222 2423 eodem

191 2465 346 2530 burgo
391 2465 575 2514 scilicet
620 2466 673 2514 in
723 2466 830 2515 vico
877 2483 938 2515 ex
985 2464 1216 2514 orientali
1266 2471 1408 2528 parte
1455 2462 1656 2512 ecclesie
1713 2464 1860 2512 sanffi
1915 2465 2175 2531 Nycholay
2213 2492 2223 2502 ·

193 2554 452 2604 Tenendas
490 2563 539 2605 et
575 2538 827 2606 habendas
865 2557 1006 2606 dictis
1043 2555 1312 2605 Malcolmo
1351 2561 1400 2602 et
1434 2553 1694 2603 Elizabeth
1730 2562 1778 2603 et
1812 2555 2070 2605 heredibus
2095 2557 2223 2604 inter

189 2645 312 2710 ipsos
334 2647 606 2711 procreatis
631 2656 679 2697 et
702 2649 1023 2713 procreandis
1056 2648 1107 2696 in
1143 2647 1353 2696 liberum
1387 2646 1679 2710 burgagium
1715 2662 1826 2694 cum
1861 2646 2063 2693 edificiis
2091 2662 2221 2694 nune

189 2736 367 2786 ibidem
386 2738 674 2788 constructis
698 2741 781 2788 seu
806 2739 1147 2789 construendis
1172 2745 1222 2786 et
1246 2753 1356 2785 cum
1383 2736 1606 2785 omnibus
1626 2737 1734 2785 aliis
1752 2736 1885 2785 iustis
1903 2738 2221 2801 pertinenciis

130 2836 139 2855 ²
168 2826 283 2876 'suis
305 2829 366 2878 de
389 2829 529 2878 nobis
554 2838 604 2879 et
629 2830 974 2880 successoribus
998 2829 1177 2879 nostris
1207 2827 1341 2875 salua
1368 2827 1510 2875 nobis
1533 2827 1726 2875 iusticia
1748 2827 2017 2892 regalitatis
2041 2836 2090 2876 et
2113 2828 2220 2876 aliis

189 2917 380 2982 placitis
413 2920 591 2969 nostris
627 2923 681 2970 in
717 2922 859 2970 diais
896 2923 1121 2971 domibus
1162 2935 1274 2968 cum
1311 2918 1608 2967 voluerimus
1643 2918 1868 2967 tenendis
1900 2944 1910 2955 ·
1946 2918 2219 2968 Reddendo

191 3007 304 3058 inde
326 3010 467 3059 nobis
492 3019 542 3060 et
564 3012 910 3062 successoribus
933 3012 1112 3062 nostris
1136 3010 1292 3059 dietus
1317 3009 1610 3059 Malcolmus
1633 3018 1682 3059 et
1700 3010 1956 3059 Elizabeth
1983 3018 2030 3059 et
2050 3027 2217 3059 eorum

192 3096 394 3149 heredes
417 3102 623 3166 predicti
658 3104 913 3153 annuatim
948 3101 1209 3152 duodecim
1244 3100 1472 3149 denarios
1506 3100 1699 3166 argenti
1723 3101 1787 3149 ad
1810 3100 1983 3148 festum
2007 3100 2218 3149 Penthe-

195 3191 345 3240 costes
381 3217 393 3231 ·
442 3191 509 3242 Et
529 3193 832 3243 inueniendo
873 3194 1040 3244 abbati
1087 3194 1149 3242 de
1191 3189 1535 3242 Aberbrothoc
1571 3190 1654 3255 qui
1687 3207 1778 3256 pro
1810 3199 2029 3255 tempore
2070 3191 2216 3241 fuerit
