2554 3900
648 432 1070 484 REGISTRUM
1103 432 1200 481 DE
1236 432 1791 484 ABERBROTHOC.
2149 438 2247 492 269

207 574 252 621 se
278 579 325 619 et
348 568 610 618 heredibus
636 567 731 615 suis
756 567 888 631 quod
911 583 1003 614 nec
1038 566 1136 630 ipse
1172 582 1264 614 nec
1298 565 1506 614 heredes
1543 566 1613 614 sui
1646 583 1737 631 pro
1773 584 2063 632 quacunque
2100 571 2243 618 causa

209 669 402 711 vtentur
436 659 712 708 retentione
748 658 906 707 tocius
938 657 1017 706 vel
1051 657 1206 722 partis
1241 657 1368 705 diae
1403 657 1542 706 firme
1578 657 1630 704 in
1666 657 1830 721 aliquo
1867 658 2077 706 termino
2114 688 2123 698 -
2161 661 2240 707 sed

208 753 241 800 si
265 769 408 816 quam
444 750 636 799 causam
669 749 933 798 habuerint
969 757 1144 797 contra
1178 748 1333 797 dictos
1369 748 1593 797 abbatem
1620 757 1668 797 et
1693 757 1991 797 conuentum
2016 750 2076 798 de
2101 750 2240 798 firma

207 827 530 908 predictarum
569 840 706 905 prius
753 840 822 888 eis
868 840 1060 904 integre
1108 838 1397 888 satiffacient
1438 848 1487 888 et
1528 839 1719 889 causam
1762 841 1894 889 suam
1933 840 2240 905 postmodum

207 941 376 982 contra
399 949 480 980 eos
503 930 660 979 modis
685 931 863 979 debitis
897 932 1253 995 prosequentur
1277 959 1287 968 ·
1323 931 1481 979 dietus
1516 938 1678 980 autem
1712 949 1874 980 comes
1897 949 1988 996 pro
2013 933 2060 980 se
2085 940 2133 981 et
2158 933 2239 980 he-

206 1025 400 1074 redibus
423 1023 519 1071 suis
544 1031 780 1087 quantum
805 1024 869 1071 ad
904 1024 1070 1072 omnia
1093 1032 1142 1072 et
1178 1022 1368 1087 singula
1400 1022 1678 1086 supradiGta
1699 1022 1913 1072 fideliter
1937 1024 2242 1073 obseruanda

206 1113 513 1163 renunciauit
546 1113 703 1162 literis
738 1114 886 1179 regiis
911 1122 962 1163 et
985 1113 1262 1178 apostolicis
1296 1114 1571 1178 impetratis
1606 1122 1655 1163 et
1689 1114 2010 1180 impetrandis
2034 1124 2084 1164 et
2108 1117 2242 1163 omni

199 1206 322 1269 juris
356 1204 572 1254 remedio
609 1204 835 1253 canonici
871 1213 919 1254 et
965 1205 1124 1254 ciuilis
1166 1212 1215 1253 et
1252 1203 1543 1252 omnimodis
1585 1205 1954 1269 exceptionibus
1988 1213 2038 1254 et
2073 1206 2239 1254 defen·

205 1297 412 1346 sionibus
448 1313 542 1359 que
577 1295 706 1344 dieto
748 1296 915 1346 comiti
953 1304 1002 1345 et
1042 1296 1306 1346 heredibus
1347 1295 1442 1344 suis
1482 1296 1702 1360 prodesse
1743 1303 1977 1361 poterunt
2015 1304 2063 1346 et
2098 1297 2238 1346 dietis

206 1387 366 1436 abbati
406 1395 454 1435 et
495 1386 760 1435 conuentui
806 1387 857 1434 in
900 1387 1066 1451 aliquo
1113 1387 1271 1436 obesse
1316 1387 1369 1435 in
1415 1386 1663 1451 posterum
1705 1386 1847 1452 super
1886 1387 2123 1452 premiffis
2160 1389 2239 1437 vel

205 1478 364 1542 aliquo
403 1478 738 1542 premissorum
779 1508 789 1517 -
839 1477 900 1526 In
939 1478 1078 1526 cuius
1117 1478 1191 1527 rei
1236 1477 1569 1527 testimonium
1609 1477 1739 1542 parti
1785 1477 1929 1527 huius
1975 1478 2143 1543 scripti
2185 1479 2236 1526 in

203 1570 395 1618 modum
421 1569 717 1636 cyrographi
742 1569 949 1618 confesti
983 1586 1135 1634 penes
1163 1570 1317 1618 di&os
1353 1570 1578 1619 abbatem
1608 1578 1657 1618 et
1682 1579 1982 1619 conuentum
2006 1571 2238 1619 residenti

203 1661 467 1726 appositum
507 1661 576 1710 est
619 1661 825 1727 sigillum
867 1661 984 1710 diai
1025 1662 1216 1710 comitis
1259 1679 1356 1710 vna
1396 1679 1508 1711 cum
1548 1660 1717 1728 sigillis
1754 1662 2049 1711 venerabilis
2083 1662 2238 1727 patris

203 1753 407 1818 episcopi
446 1753 611 1804 Sanffi
646 1743 850 1802 Andree
887 1761 936 1803 et
977 1753 1192 1802 eiusdem
1237 1754 1335 1803 loci
1382 1753 1721 1803 archidiaconi
1766 1754 1898 1818 parti
1936 1771 2051 1802 vero
2087 1771 2237 1818 penes

202 1845 378 1893 dictum
413 1844 638 1894 comitem
672 1845 904 1894 residenti
941 1845 1150 1910 sigillum
1181 1861 1439 1894 commune
1476 1845 1679 1910 capituli
1710 1846 1772 1894 de
1797 1845 2143 1894 Aberbrothoc
2168 1845 2236 1894 est

203 1937 462 2001 appensum
485 1965 497 1977 ·
535 1937 646 1985 Hiis
671 1937 873 1986 testibus
897 1937 1116 1986 Domino
1153 1937 1358 1987 Serlone
1383 1939 1444 1987 de
1483 1937 1636 1988 Seton
1662 1938 1881 1987 Roberto
1907 1938 1968 1987 de
1992 1937 2238 2002 Walchop

203 2027 431 2077 militibus
455 2055 466 2067 ·
490 2028 728 2094 Magistro
748 2029 967 2078 Roberto
993 2030 1054 2078 de
1078 2029 1396 2096 Edinbrught
1420 2029 1660 2078 canonico
1691 2027 1980 2094 Glasguensi
2005 2027 2237 2093 magistro

203 2117 413 2167 Ricardo
449 2119 755 2186 Vayrement
800 2120 1064 2186 Radulpho
1113 2121 1174 2170 de
1214 2121 1426 2170 Laceles
1463 2120 1674 2169 Rectore
1722 2104 1926 2169 ecclesie
1973 2120 2034 2168 de
2058 2119 2102 2167 E
2122 2117 2189 2183 ffy
2226 2147 2235 2156 ·

202 2207 472 2257 Laurencio
497 2210 755 2263 demonte
791 2211 890 2259 alto
915 2211 1125 2261 Resstore
1162 2211 1363 2261 ecclesie
1388 2213 1449 2260 de
1483 2211 1716 2277 Kynetles
1742 2210 1938 2259 Thoma
1960 2211 2022 2259 de
2048 2209 2236 2259 Troue-

203 2315 321 2361 quer
345 2300 528 2350 decano
553 2302 613 2350 de
638 2298 842 2367 Anegus
868 2303 1151 2353 Dunekano
1174 2305 1338 2353 iudice
1363 2312 1412 2352 et
1434 2303 1601 2352 multis
1626 2303 1735 2351 aliis
1760 2330 1769 2340 ·

208 2547 484 2620 Drumssed
504 2589 591 2637 per
615 2575 801 2640 Regem
826 2577 1167 2627 Alexandrum
1191 2578 1244 2626 in
1268 2578 1478 2627 liberum
1503 2578 1735 2627 forestum
1762 2606 1771 2615 ·

38 2745 164 2812 [312]
211 2731 515 2805 Alexander
547 2758 643 2808 Dei
675 2763 834 2827 gratia
872 2781 963 2813 nex
1001 2765 1261 2818 Scotorum
1298 2764 1523 2812 omnibus
1558 2762 1724 2828 probis
1760 2762 2037 2810 hominibus
2073 2764 2228 2812 tocius

209 2851 336 2893 terre
376 2847 454 2895 sue
494 2849 691 2900 salutem
731 2882 742 2892 ·
792 2853 967 2905 Sciatis
1014 2858 1144 2921 quod
1188 2854 1504 2906 concesiimus
1551 2855 1717 2903 abbati
1765 2862 1813 2903 et
1860 2855 2128 2902 conuentui
2169 2856 2229 2903 de

208 2934 545 2988 Aberbrothoc
568 2967 578 2978 ·
602 2949 654 2990 vt
676 2949 855 2993 terram
878 2947 1010 2996 suam
1034 2948 1095 2996 de
1120 2946 1385 2996 Drumssed
1412 2946 1628 2995 habeant
1650 2946 1702 2993 in
1726 2945 1935 2993 liberum
1959 2945 2192 2994 forestum
2221 2975 2231 2985 ·

208 3026 373 3083 Quare
407 3029 608 3081 firmiter
641 3034 948 3098 prohibemus
986 3056 1048 3088 ne
1083 3039 1192 3103 quis
1240 3038 1338 3086 sine
1386 3054 1556 3085 eorum
1601 3037 1803 3085 licentia
1842 3036 1895 3084 in
1931 3037 2061 3085 dicta
2096 3045 2229 3086 terra

206 3118 331 3166 secet
354 3127 436 3168 aut
461 3132 664 3172 venetur
687 3125 826 3190 super
845 3128 1065 3181 ,nostram
1089 3129 1361 3194 plenariam
1385 3128 1738 3176 foriffasfturam
1762 3128 1931 3176 decem
1956 3127 2192 3176 librarum
2214 3157 2223 3165 ·

204 3206 528 3260 Concessimus
553 3214 703 3264 eciam
730 3216 905 3267 eisdem
929 3219 1093 3269 abbati
1119 3227 1167 3269 et
1193 3219 1461 3269 conuentui
1485 3220 1545 3267 de
1566 3219 1911 3267 Aberbrothoc
1931 3226 1984 3268 ut
2002 3218 2224 3267 homines
