2554 3900
394 1523 646 1594 Montros
670 1544 780 1592 tosti
805 1573 814 1582 ·
844 1543 995 1593 Carta
1019 1543 1225 1592 Roberti
1250 1544 1310 1592 de
1335 1542 1604 1590 Londoniis
1630 1572 1640 1581 ·

207 1710 345 1774 [304]
391 1703 704 1774 Willelmus
729 1723 827 1771 Dei
850 1724 1019 1788 gracia
1055 1724 1163 1771 Rex
1201 1722 1459 1772 Scotorum
1495 1725 1718 1772 omnibus
1750 1725 1918 1792 probis
1953 1725 2230 1773 hominibus
2266 1725 2421 1772 tocius

390 1823 520 1863 terre
544 1815 625 1864 sue
651 1815 842 1863 clericis
867 1822 915 1863 et
938 1815 1076 1863 laicis
1111 1815 1313 1863 salutem
1337 1842 1347 1852 ·
1375 1814 1543 1864 Sciant
1577 1815 1823 1879 presentes
1859 1822 1908 1863 et
1942 1815 2095 1864 futuri
2129 1832 2206 1863 me
2243 1814 2421 1863 dedisse

389 1915 436 1953 et
461 1904 730 1954 conceffiss'e
755 1912 803 1953 et
826 1905 919 1954 hac
944 1912 1080 1954 carta
1102 1923 1212 1954 mea
1237 1906 1535 1954 confirmaffe
1560 1906 1778 1954 Roberto
1802 1907 1863 1955 de
1887 1906 2158 1954 Londoniis
2181 1906 2281 1954 filio
2310 1923 2420 1954 meo

390 2017 536 2046 vnum
559 1999 834 2063 plenarium
857 2000 1033 2047 toftum
1063 2000 1116 2047 in
1139 2001 1296 2064 burgo
1332 1999 1497 2047 nostro
1532 1998 1593 2045 de
1629 1996 1835 2045 Munros
1870 1997 2054 2046 scilicet
2088 1997 2210 2044 illud
2245 1996 2420 2045 toftum
2491 1994 2514 2054 ,ᾖ

388 2091 518 2152 quod
558 2089 627 2137 est
665 2090 794 2137 inter
837 2089 1039 2137 Toftum
1083 2089 1358 2138 Alexandri
1392 2087 1693 2138 vicecomitis
1735 2088 1816 2136 de.
1841 2086 2090 2153 Striuelyn
2132 2095 2180 2136 et
2217 2077 2420 2135 Toftuin
2494 2075 2514 2158 {f

386 2183 420 2229 J
424 2182 601 2230 ocelini
624 2181 843 2229 hostiarii
874 2181 971 2229 mei
1009 2181 1303 2231 Tenendum
1336 2182 1388 2229 in
1422 2180 1631 2228 liberum
1665 2179 1956 2243 burgagium
1991 2179 2052 2226 de
2088 2196 2164 2227 me
2200 2186 2248 2226 et
2282 2179 2418 2226 here·
2493 2219 2499 2234 .„

387 2273 526 2320 dibus
552 2272 670 2320 meis
693 2272 745 2320 in
770 2273 913 2319 feodo
938 2280 986 2320 et
1009 2272 1283 2322 hereditate
1307 2273 1377 2320 ita
1398 2271 1552 2319 libere
1577 2277 1626 2318 et
1650 2270 1813 2333 quiete
1836 2270 2057 2334 plenarie
2083 2276 2131 2317 et
2148 2269 2416 2322 honorifice
2539 2318 2542 2332 ⁶

386 2363 505 2410 ficut
529 2362 702 2425 aliquis
725 2363 964 2410 baronum
987 2380 1207 2410 meorum
1232 2363 1431 2426 aliquod
1455 2361 1629 2409 toftum
1653 2362 1706 2409 in
1730 2361 1894 2424 aliquo
1911 2362 2180 2425 burgorum
2198 2377 2417 2408 meorum

386 2452 602 2515 quiecius
636 2452 828 2516 plenius
865 2460 912 2500 et
946 2429 1354 2501 honorificencius
1389 2459 1525 2501 tenet
1549 2478 1558 2487 ·
1585 2451 1812 2499 Testibus
1849 2451 1902 2499 H
1934 2479 1943 2489 ·
1980 2451 2273 2499 cancellario
2309 2467 2416 2497 meo

387 2543 562 2591 comite
586 2541 755 2590 Dauid
777 2543 928 2590 fratre
960 2560 1067 2590 meo
1092 2543 1344 2591 Willelmo
1381 2544 1441 2590 de
1467 2541 1702 2590 Morauill
1736 2542 2094 2590 constabulario
2119 2541 2284 2589 Alano
2317 2540 2418 2587 filio

385 2632 595 2681 Walteri
620 2632 827 2696 dapiferi
853 2633 1012 2681 Adam
1043 2631 1210 2697 Syreis
1237 2662 1246 2671 ·
1276 2633 1494 2698 Georgio
1519 2635 1580 2681 de
1605 2633 1867 2681 Mortimar
1893 2661 1902 2671 -
1929 2633 2081 2696 Apud
2105 2632 2311 2681 Munros
2337 2660 2347 2670 ·

387 2876 595 2962 Kenyn
621 2898 934 2964 Muchardyn
959 2928 969 2937 ·
996 2900 1149 2949 Carta
1170 2918 1258 2964 per
1284 2901 1559 2949 Henricum
1585 2901 1806 2949 abbatem
1833 2928 1843 2937 ·

203 3057 341 3122 [305]
388 3055 659 3126 Henricus
694 3077 792 3125 Dei
827 3080 996 3143 gracia
1030 3082 1178 3129 abbas
1214 3081 1274 3129 de
1312 3080 1646 3129 Abirbrothoc
1682 3088 1731 3128 et
1766 3080 1979 3128 eiusdem
2013 3080 2109 3128 loci
2146 3087 2414 3127 conuentus

392 3165 633 3214 Omnibus
659 3166 819 3215 sancte
843 3170 1011 3217 matris
1037 3170 1234 3243 ecclefie
1265 3171 1377 3219 filiis
1410 3172 1612 3220 salutem
1648 3201 1658 3211 ·
1700 3172 1867 3220 Sciant
1901 3171 2148 3235 presentes
2184 3180 2231 3219 et
2266 3170 2416 3218 futuri
