2554 3900
361 427 458 470 280
806 419 1228 471 REGISTRUM
1261 419 1358 468 DE
1393 415 1949 467 ABERBROTHOC.

362 552 665 617 presentibus
706 551 775 600 est
816 552 1080 616 appensum
1122 579 1132 590 ·
1174 550 1362 599 Datum
1403 551 1535 614 apud
1572 547 1918 597 Aberbrothoc
1961 547 2040 595 die
2081 547 2313 595 mercurii
2350 548 2401 595 in

363 645 484 693 festo
519 642 873 708 purificationis
905 642 1057 691 Beate
1093 641 1254 689 Marie
1289 640 1496 705 uirginis
1529 670 1539 679 ·
1566 640 1716 688 Auno
1750 638 1911 703 gratie
1935 637 2190 686 millesimo
2214 645 2402 685 trecen-

366 733 532 783 tefimo
559 732 816 782 vndecimo
842 760 852 770 ·

369 983 579 1054 Littera
603 1001 943 1050 commistionis
966 1002 1019 1049 in
1043 999 1246 1049 diuerfis
1272 998 1424 1047 caufis
1448 988 1730 1047 monasterii
1756 1027 1767 1038 ·

190 1178 327 1243 [325]
374 1164 633 1236 Omnibus
664 1184 824 1231 san&e
861 1184 1031 1231 matris
1063 1181 1263 1231 ecclefie
1295 1180 1408 1228 filiis
1445 1180 1693 1243 presentes
1730 1178 1921 1226 litteras
1951 1179 2122 1227 visuris
2159 1180 2239 1227 uel
2274 1181 2409 1228 audi-

372 1277 494 1326 turis
534 1276 710 1324 Frater
746 1275 1029 1323 Bernardus
1079 1272 1388 1337 permistione
1430 1270 1601 1318 diuina
1647 1270 1799 1318 abbas
1854 1269 1915 1317 de
1967 1269 2314 1318 Aberbrothoc
2361 1279 2409 1319 et

373 1367 585 1416 eiusdem
608 1366 706 1414 loci
731 1372 1002 1414 conuentus
1026 1364 1229 1412 salutem
1254 1363 1307 1410 in
1330 1361 1549 1410 Domino
1575 1388 1584 1398 ·
1609 1360 1670 1409 In
1691 1360 1914 1409 omnibus
1939 1361 2160 1424 negociis
2186 1360 2338 1409 caufis
2363 1369 2410 1410 et

374 1458 585 1523 querelis
614 1457 757 1505 motis
782 1451 1119 1505 et’mouendis
1155 1471 1320 1503 coram
1357 1453 1726 1517 quibuscunque
1752 1451 2002 1515 judicibus
2037 1451 2300 1499 ordinariis
2330 1453 2411 1500 uel

376 1549 613 1614 delegatis
668 1547 864 1596 arbitris
923 1547 1002 1595 uel
1054 1562 1223 1593 eorum
1276 1543 1610 1592 commifl'ariis
1658 1560 1754 1592 vno
1812 1542 1893 1590 uel
1949 1542 2172 1606 pluribus
2222 1543 2412 1606 quibus-

377 1638 569 1703 cunque
593 1639 764 1687 diebus
790 1645 838 1686 et
860 1637 982 1685 locis
1007 1644 1055 1685 et
1081 1642 1253 1684 contra
1271 1634 1584 1699 quoscunque
1610 1633 1915 1682 aduersarios
1939 1632 2129 1681 nostros
2157 1661 2166 1672 ·
2192 1633 2412 1682 Dilefitos

377 1741 426 1781 et
449 1730 681 1795 speciales
705 1729 895 1777 nostros
920 1728 1171 1776 dominum
1196 1727 1444 1775 Nesonem
1467 1726 1685 1789 priorem
1711 1726 1771 1773 de
1795 1724 1976 1790 Fyuyn
2010 1725 2413 1773 commonachum

376 1822 594 1871 nostrum
629 1847 638 1857 ·
673 1820 740 1868 Et
763 1818 1047 1884 magistrum
1087 1817 1365 1866 Galfridum
1404 1816 1700 1866 Thodlauch
1733 1816 2027 1864 canonicum
2052 1814 2413 1864 Morauiensem

379 1913 613 1961 clericum
647 1910 865 1958 nostrum
899 1915 1245 1973 procuratores
1279 1908 1470 1955 nostros
1502 1915 1551 1955 et
1582 1906 1864 1954 monasterii
1891 1906 2184 1954 coniunffim
2220 1914 2268 1954 et
2292 1906 2414 1954 diui-

379 2004 466 2051 fim
481 2003 694 2051 facimus
728 2000 1066 2049 constituimus
1098 2006 1147 2048 et
1172 1999 1455 2047 ordinamus
1479 2026 1489 2036 ·
1524 1997 1717 2046 Dantes
1742 1997 1921 2045 eisdem
1947 2004 1996 2045 et
2020 2013 2190 2044 eorum
2216 1996 2416 2045 cuilibet

379 2094 652 2159 plenariam
675 2092 963 2157 potestatem
989 2099 1037 2140 et
1055 2091 1263 2155 speciale
1281 2091 1566 2139 mandatum
1590 2105 1681 2152 pro
1706 2088 1846 2137 nobis
1866 2095 1914 2136 et
1937 2087 2232 2136 monasterio
2251 2082 2415 2135 nostro
2464 2126 2467 2129 ,
2510 2096 2521 2117 ⁶?

382 2184 560 2249 agendi
590 2210 600 2220 -
634 2182 817 2245 nosque
850 2182 1148 2230 defendendi
1172 2207 1182 2217 ·
1207 2180 1486 2244 excipiendi
1522 2209 1532 2218 ·
1565 2179 1842 2243 replicandi
1874 2208 1884 2216 -
1918 2178 2030 2226 lites
2066 2178 2372 2226 contestandi
2406 2205 2416 2215 ·

381 2275 579 2324 iurandi
598 2275 658 2322 de
678 2273 956 2337 calumpnia
975 2281 1024 2321 et
1049 2273 1109 2320 de
1129 2273 1335 2320 veritate
1360 2271 1571 2319 dicenda
1595 2297 1605 2306 ·
1630 2270 1774 2318 testes
1799 2268 2107 2333 producendi
2130 2297 2140 2306 ·
2160 2276 2208 2317 et
2228 2269 2417 2316 eosdem
2451 2255 2455 2260 ¹

383 2365 638 2415 recusandi
667 2393 676 2403 ·
704 2363 902 2412 dicendi
926 2364 978 2410 in
1002 2363 1148 2410 testes
1172 2369 1220 2410 et
1245 2361 1501 2410 testificata
1526 2392 1536 2430 ,·
1573 2361 1724 2409 alium
1756 2361 1835 2409 vel
1870 2360 1992 2408 alios
2026 2360 2136 2408 loco
2161 2360 2231 2408 sui
2255 2360 2417 2408 substi-

384 2455 556 2504 tuendi
580 2481 590 2491 ·
614 2454 885 2502 sentencias
908 2452 1333 2501 interlocutoriam
1357 2460 1406 2501 et
1430 2453 1740 2501 diffinitiuam
1765 2452 1999 2500 audiendi
2026 2460 2074 2501 et
2099 2451 2380 2516 appellandi
2406 2481 2415 2491 ·

387 2545 766 2611 appellationem
794 2544 1119 2608 prosequendi
1153 2551 1202 2592 et
1238 2560 1345 2591 eam
1380 2543 1687 2591 innouandi·
1725 2543 1876 2592 status
1913 2543 2061 2591 etiam
2084 2543 2238 2591 nostri
2267 2543 2418 2591 refor-
2540 2566 2545 2571 ·

387 2638 654 2686 mationem
694 2635 929 2698 quociens
975 2633 1161 2682 necesse
1207 2633 1357 2682 fuerit
1402 2635 1603 2698 petendi
1645 2662 1653 2672 ·
1696 2643 1745 2683 et
1786 2634 1951 2682 omnia
1992 2651 2050 2682 ac
2091 2633 2280 2698 fingula
2325 2625 2424 2682 alia*

385 2726 600 2777 faciendi
625 2743 718 2790 que
745 2720 849 2773 veri
884 2732 933 2773 et
967 2724 1197 2789 legittimi
1231 2733 1575 2788 procuratores
1601 2725 1681 2782 vel
1714 2733 2007 2788 procurator
2031 2725 2195 2773 facere
2226 2723 2417 2788 possunt
2541 2711 2544 2716 ’

385 2826 434 2868 et
480 2819 660 2866 debent
706 2816 863 2880 potest
911 2822 959 2864 et
1006 2815 1152 2863 debet
1198 2842 1207 2851 ·
1255 2814 1438 2863 Ratum
1484 2823 1533 2864 et
1578 2823 1773 2880 gratum
1825 2815 2064 2864 habentes
2112 2822 2160 2863 et
2206 2814 2419 2863 habituri
2540 2811 2542 2814 ’

386 2909 621 2973 quicquid
649 2907 765 2956 diffi
798 2902 1144 2972 procuratores
1178 2904 1332 2953 nostri
1367 2905 1446 2954 vel
1481 2922 1648 2954 eorum
1685 2906 1810 2954 alter
1845 2905 2077 2954 duxerint
2113 2905 2192 2953 vel
2227 2904 2419 2953 duxerit

386 3000 583 3048 nomine
618 2999 782 3047 nostro
815 3005 864 3047 et
897 2997 1181 3046 monasterii
1215 2997 1368 3045 nostri
1402 2996 1595 3045 iusticia
1629 2997 2024 3045 communicante
2055 2996 2336 3044 faciendum
2369 2994 2419 3042 in

387 3089 623 3155 premiffis
652 3119 662 3129 ·
695 3106 786 3153 pro
822 3089 1001 3137 eisdem
1037 3089 1194 3137 eciam
1227 3088 1496 3136 iudicatum
1531 3087 1653 3135 solui
1688 3087 1722 3134 fi
1758 3086 1946 3136 necefl'e
1981 3087 2131 3135 fuerit
2163 3087 2294 3134 bona
2325 3085 2419 3133 fide

387 3181 714 3245 promittimus
747 3197 836 3244 per
871 3180 1119 3244 presentes
1152 3208 1162 3218 ·
1194 3178 1254 3227 In
1289 3179 1425 3228 cuius
1460 3180 1533 3228 rei
1569 3179 1899 3228 testimonium
1934 3196 2192 3228 commune
2215 3177 2420 3242 sigillum
