2554 3900
393 399 490 448 306
835 400 1261 451 REGISTRUM
1295 402 1391 451 DE
1427 401 1979 452 ABERBROTHOC.

395 538 603 593 quatuor
627 547 815 579 marcas
839 533 1032 596 argenti
1057 534 1119 581 ad
1144 534 1266 582 duos
1297 534 1415 582 anni
1445 534 1679 582 terminos
1713 534 1766 581 in
1800 533 2096 597 parrochiali
2131 534 2333 582 ecclesia
2356 535 2416 581 de

395 621 639 686 Inuernys
668 622 896 671 videlicet
931 623 1052 671 duas
1087 639 1277 671 marcas
1304 625 1375 672 vad
1408 625 1584 673 festum
1618 624 1957 688 penthecostes
1994 631 2043 672 et
2077 626 2198 672 duas
2231 641 2421 672 marcas

397 713 460 760 ad
482 711 654 760 festum
682 710 846 761 San&i
877 711 1166 761 Martini-in
1200 731 1343 778 yeme
1367 744 1378 755 ·
1415 715 1624 763 termino
1659 716 1819 779 primo
1855 715 2120 779 incipiente
2153 715 2217 763 ad
2248 715 2422 763 festum

395 803 699 865 pentecostes
739 818 869 850 anno
915 803 1083 867 gracie
1117 804 1370 852 millesimo
1405 805 1745 854 trecentesimo
1780 805 2006 854 vicefimo
2041 806 2196 854 tercio
2227 833 2238 843 ·
2274 805 2423 852 Edifi-

399 892 529 941 cabit
553 892 708 940 eciam
740 891 870 940 infra
893 892 1071 941 didam
1110 900 1294 942 terram
1331 895 1500 943 domos
1539 895 1827 944 sufficientes
1865 902 1914 944 et
1949 895 2178 943 honestas
2216 902 2265 942 et
2286 894 2422 941 inha-

397 983 543 1031 bitari
577 982 723 1031 faciet
756 982 907 1046 ipsam
941 991 1122 1031 terram
1159 1013 1169 1023 -
1216 984 1289 1033 ita
1321 985 1454 1048 quod
1493 985 1735 1049 dompnus
1772 986 1920 1034 abbas
1957 986 2042 1049 qui
2076 1002 2168 1049 pro
2204 993 2422 1049 tempore

397 1072 545 1120 fuerit
586 1079 634 1120 et
674 1073 901 1120 monachi
938 1073 1010 1121 sui
1050 1090 1161 1122 cum
1201 1074 1387 1124 familia
1425 1077 1510 1123 sua
1549 1075 1601 1123 in
1643 1091 1811 1123 eorum
1853 1076 2143 1124 aduentibus
2181 1075 2361 1124 ibidem
2391 1073 2424 1120 fi

399 1162 642 1211 voluerint
680 1164 912 1211 decenter
953 1171 1000 1211 et
1047 1165 1213 1213 secure
1259 1173 1490 1229 poterunt
1529 1166 1742 1214 habitari
1784 1165 1958 1229 quibus
1999 1173 2099 1214 tam
2138 1166 2239 1229 ipse
2281 1180 2425 1228 quam

398 1255 603 1319 heredes
627 1254 699 1302 sui
726 1254 980 1303 inuenient
1010 1272 1101 1318 pro
1140 1256 1252 1304 aula
1287 1273 1482 1305 camera
1516 1263 1565 1305 et
1603 1257 1815 1320 coquina
1839 1286 1849 1296 ·
1875 1257 2033 1305 focale
2071 1256 2313 1304 leffirium
2337 1266 2426 1319 p‘er

401 1347 506 1392 otto
530 1345 634 1393 dies
659 1345 877 1409 quolibet
900 1363 1029 1394 anno
1055 1353 1103 1394 et
1126 1347 1187 1394 de
1210 1347 1374 1395 herbis
1396 1365 1487 1412 pro
1512 1348 1649 1412 equis
1674 1356 1895 1411 tempore
1918 1346 2141 1411 herbagii
2165 1355 2213 1395 et
2237 1345 2426 1409 foragio

400 1443 617 1499 tempore
652 1435 861 1500 foragii·
895 1436 1050 1484 libere
1086 1444 1324 1499 quatenus
1358 1437 1489 1487 infra
1523 1446 1706 1487 terram
1741 1437 2010 1502 predia-,am
2043 1436 2259 1484 inueniri
2293 1443 2427 1499 pote-

400 1535 516 1575 runt
549 1527 814 1591 sumptibus
848 1528 1054 1590 predisti
1088 1529 1274 1576 domini
1301 1528 1505 1578 Cristini
1537 1536 1586 1578 et
1619 1529 1857 1577 heredum
1881 1529 2076 1576 suorum
2100 1534 2149 1575 et
2174 1534 2313 1574 extra
2335 1542 2426 1590 pro
2500 1539 2507 1567 ἑ
2534 1518 2538 1526 “

402 1617 617 1666 denariis
639 1617 880 1666 dictorum
905 1618 1091 1666 abbatis
1116 1627 1166 1667 et
1192 1605 1554 1678 monachorum¹
1579 1619 1772 1668 meliori
1805 1619 1951 1666 modo
1975 1634 2072 1681 quo
2091 1624 2322 1681 poterunt
2358 1616 2427 1664 eis

400 1709 582 1756 facient
606 1707 842 1757 deseruiri
865 1735 874 1745 ·
907 1725 999 1772 pro
1023 1709 1198 1772 quibus
1234 1711 1437 1759 edificiis
1474 1710 1812 1759 construendis
1840 1709 1955 1757 dieti
1980 1708 2182 1772 dompni
2206 1708 2354 1756 abbas
2379 1716 2428 1754 et

402 1805 671 1847 conuentus
695 1799 976 1847 allocabunt
999 1800 1130 1848 dieto
1165 1801 1379 1865 dompno
1411 1802 1626 1851 Cristino
1661 1801 1792 1849 infra
1827 1800 2042 1864 quinque
2071 1816 2225 1847 annos
2245 1799 2429 1863 primos

401 1907 546 1938 vnam
594 1907 810 1938 marcam
864 1891 1116 1940 annuatim
1172 1923 1182 1933 ·
1237 1892 1316 1941 Ita
1355 1893 1488 1956 quod
1533 1892 1737 1956 expletis
1785 1892 2001 1955 quinque
2048 1890 2190 1938 annis
2236 1890 2337 1953 ipse
2379 1897 2427 1937 et
2498 1884 2540 1958 gi?

400 1982 605 2029 heredes
639 1980 711 2029 sui
746 1980 966 2044 plenarie
1004 1983 1285 2045 persoluant
1327 1990 1537 2047 quatuor
1574 1999 1764 2031 marcas
1798 1991 1849 2031 vt
1877 1981 2178 2047 premittitur
2202 2009 2212 2019 ·
2252 1966 2428 2028 Didsus
2495 1983 2521 2028 i

402 2073 555 2120 eciam
581 2071 820 2135 dompnus
848 2070 1091 2121 Cristinus
1127 2073 1179 2121 in
1213 2074 1361 2138 pleno
1398 2073 1613 2138 capitulo
1649 2066 2260 2137 difimrum‘religiosorum
2283 2062 2428 2120 'diffis
2498 2061 2541 2095 ⁵

401 2162 609 2210 dominis
634 2161 798 2210 abbati
821 2169 871 2210 et
896 2166 1163 2213 conuentui
1187 2173 1236 2214 et
1260 2183 1430 2214 eorum
1466 2165 1810 2214 successoribus
1846 2172 1894 2213 et
1929 2182 2099 2213 eorum
2133 2164 2427 2212 monasterio
2493 2141 2513 2229 i
2536 2158 2541 2231 ᾖ

401 2269 491 2316 pro
515 2259 618 2300 toto
643 2259 861 2315 tempore
887 2253 986 2301 vite
1009 2253 1089 2302 sue
1123 2256 1374 2304 fidelitatis
1403 2256 1612 2321 prestitit
1646 2257 2002 2304 sacramentum
2027 2284 2036 2294 -
2075 2255 2207 2318 quod
2230 2254 2427 2318 quidem
2500 2266 2538 2312 ϊῑῑ

401 2343 754 2392 sacramentum
790 2343 997 2392 heredes
1034 2346 1104 2394 sui
1141 2347 1399 2395 succeffiue
1435 2349 1651 2410 prestare
1687 2348 1984 2396 tenebuntur
2018 2353 2067 2394 et
2094 2345 2428 2393 feodofirmam
2491 2333 2519 2402 5·

399 2435 533 2482 suam
566 2433 619 2480 in
655 2434 887 2497 prediffis
926 2435 980 2482 in
1015 2435 1227 2500 ingrefl'u
1264 2438 1346 2484 suo
1387 2438 1653 2486 secundum
1689 2438 1850 2502 legem
1886 2437 2028 2500 regni
2065 2436 2384 2500 duplicabunt
2421 2463 2432 2472 ·
2492 2419 2503 2482 f

401 2524 466 2572 Et
500 2523 748 2572 sciendum
782 2525 914 2588 quod
954 2525 1110 2574 di&us
1150 2527 1374 2576 dominus
1417 2528 1660 2578 Cristinus
1699 2529 1780 2577 seu
1822 2527 1968 2592 ipsius
2008 2528 2215 2575 heredes
2251 2527 2428 2574 di&am
2488 2510 2517 2558 Ὗ

401 2622 583 2663 terram
607 2613 689 2662 del
711 2613 898 2663 Bouch’
926 2615 1004 2664 vel
1029 2616 1242 2679 aliquam
1275 2626 1466 2681 partem
1501 2618 1647 2682 ipfius
1672 2619 1807 2666 nullo
1831 2619 1978 2666 modo
2003 2619 2190 2666 dabunt
2216 2617 2430 2665 vendent

403 2706 684 2754 alienabunt
718 2706 800 2753 seu
833 2705 1232 2771 impignorabunt
1266 2709 1345 2756 vel
1379 2709 1543 2772 aliquo
1578 2710 1706 2758 malo
1747 2710 1947 2774 ingenio
1987 2709 2166 2756 <haam
2204 2708 2430 2756 feodofir-

402 2812 531 2843 mam
553 2795 605 2843 in
629 2802 732 2843 toto
757 2796 837 2844 vel
869 2796 922 2844 in
956 2804 1096 2860 parte
1121 2798 1409 2848 detinebunt
1433 2801 1564 2863 quod
1589 2800 1622 2847 fi
1647 2800 1856 2848 fecerint
1879 2800 1978 2848 fine
2001 2798 2198 2863 speciali
2221 2797 2430 2846 licencia

402 2894 451 2934 et
475 2886 726 2935 voluntate
751 2887 991 2935 di&orum
1022 2889 1361 2953 religiosorum
1390 2917 1400 2927 ·
1435 2891 1591 2938 dietus
1628 2891 1853 2939 dominus
1880 2890 2122 2940 Cristinus
2153 2896 2200 2937 et
2223 2889 2430 2937 heredes

401 2978 473 3024 sui
494 2977 596 3040 ipso
630 2977 757 3025 fa8to
793 2986 974 3026 extunc
1011 2980 1198 3028 cadent
1233 2998 1263 3028 a
1295 2980 1401 3029 iure
1417 2981 1706 3030 hereditatis
1742 2983 1867 3030 diae
1906 2989 2037 3030 terre
2077 2988 2125 3029 et
2161 2979 2264 3044 ipsa
2298 2987 2431 3027 terra
2493 3036 2539 3058 ‚

403 3084 512 3115 cum
547 3067 864 3131 pertinenciis
899 3069 963 3118 ad
997 3070 1132 3118 vsum
1167 3078 1216 3119 et
1249 3072 1600 3136 proprietatem
1627 3072 1869 3120 didcerum
1903 3071 2243 3136 religiosorum
2277 3069 2430 3117 libere

400 3154 676 3209 reuertetur
702 3185 711 3194 ·
747 3158 808 3207 In
832 3176 1041 3224 quorum
1065 3161 1281 3210 omnium
1313 3162 1644 3212 testimonium
1678 3162 1875 3227 presens
1899 3163 2132 3227 scriptum
2156 3161 2210 3209 in
2232 3160 2429 3208 modum
2478 3155 2518 3226 ᾗς]
