2554 3900
347 450 443 500 270
788 449 1212 500 REGISTRUM
1246 450 1341 499 DE
1378 450 1930 501 ABERBROTHOC.

347 582 416 628 sui
452 589 703 629 manentes
745 581 796 629 in
834 581 963 630 dieta
1002 589 1136 629 terra
1176 582 1236 629 de
1276 581 1540 631 Drumssed
1581 583 1844 646 sequantur
1885 583 2068 647 placita
2108 586 2373 634 eorundem

347 672 556 720 Abbatis
576 680 624 720 et
643 679 913 720 conuentus
930 673 982 720 in
1002 671 1202 720 Mernes
1220 699 1230 709 ·
1251 672 1478 721 Testibus
1503 674 1549 722 A
1571 701 1580 711 ·
1600 674 1825 738 episcopo
1848 674 2147 729 COorauienfi
2168 675 2375 725 Valtero

346 763 447 810 filio
473 763 624 811 Alani
660 763 904 812 senescalli
938 762 1223 811 Justiciario
1261 762 1424 812 Scotie
1463 763 1684 812 'Waltero
1723 764 1918 813 Olifard
1946 764 2217 828 justiciario
2253 766 2376 814 Lao-

349 856 494 903 donie
531 855 726 920 Rogero
762 853 960 902 Auenel
1000 854 1131 917 apud
1164 853 1420 902 Edinburc
1459 853 1676 918 Septimo
1713 855 1792 903 die
1828 856 2018 920 Aprilis
2060 874 2189 905 anno
2229 859 2377 922 Regni

351 946 553 994 Domini
578 945 707 1009 regis
733 944 957 993 vicesimo
984 944 1194 992 secundo
1220 970 1229 979 ·

349 1195 520 1268 Carta
542 1217 808 1266 tenementi
833 1217 893 1265 de
920 1216 1102 1264 Karale
1128 1242 1137 1251 ·

165 1379 304 1444 [313]
350 1379 624 1451 Uniuerfis
660 1398 907 1463 presentes
944 1397 1112 1447 literas
1151 1396 1439 1461 inspecturis
1474 1425 1483 1434 ·
1522 1396 1771 1445 Henricus
1806 1396 1906 1445 Dei
1939 1399 2101 1462 gratia
2135 1400 2283 1448 abbas
2318 1402 2379 1448 de

353 1491 697 1540 Aberbrothoc
735 1499 783 1539 et
821 1490 1032 1538 eiusdem
1078 1489 1176 1538 loci
1224 1494 1494 1545 conuentus
1532 1495 1754 1536 eternam
1793 1488 1843 1535 in
1887 1488 2104 1537 Domino
2144 1490 2344 1539 salutern
2371 1521 2381 1530 ·

350 1583 403 1631 N
404 1583 563 1631 ouerit
587 1581 873 1630 vniuerfitas
897 1581 1056 1630 vestra
1078 1598 1167 1629 nos
1191 1579 1370 1629 dediss'e
1404 1578 1674 1628 conceffiss'e
1708 1587 1756 1628 et
1790 1580 1884 1628 hac
1920 1588 2056 1630 carta
2079 1583 2245 1630 nostra
2270 1600 2382 1631 con-

348 1673 552 1722 firmasse
588 1675 650 1722 ad
683 1674 1019 1722 feodofirmam
1055 1702 1064 1711 ·
1102 1673 1138 1720 J
1141 1672 1323 1720 ohanni
1362 1671 1631 1736 Capellano
1665 1671 1766 1719 filio
1793 1671 2030 1721 Willelmi
2066 1674 2126 1721 de
2166 1673 2381 1723 Camboc

350 1775 531 1815 terram
579 1767 792 1814 nostram
839 1766 890 1812 in
938 1764 1054 1813 villa
1101 1765 1162 1812 de
1212 1763 1362 1813 Caral
1408 1781 1554 1837 quam
1600 1763 1841 1822 Radulfus
1889 1765 1949 1813 de
1999 1764 2214 1815 Camboc
2262 1784 2382 1815 auus

350 1858 554 1922 prediffi
603 1856 639 1905 J
641 1856 846 1905 ohannis
893 1857 1141 1920 quondam
1188 1856 1249 1904 de
1301 1856 1443 1904 nobis
1495 1856 1654 1904 tenuit
1707 1864 1755 1904 et
1802 1855 2008 1920 possedit
2043 1887 2053 1896 ·
2093 1857 2381 1906 Tenendam

351 1958 398 1998 et
433 1949 707 1998 habendam
746 1948 904 1997 eidem
942 1947 1162 1996 Johanni
1203 1955 1252 1995 et
1288 1947 1550 1996 heredibus
1587 1947 1681 1996 suis
1717 1948 1797 1996 vel
1832 1949 2109 2012 cuicunque
2145 1949 2382 2014 affignare

354 2041 563 2090 voluerit
594 2047 908 2104 preterquam
942 2038 1179 2104 religiosis
1213 2039 1354 2105 nobis
1390 2039 1607 2103 exceptis
1641 2039 1795 2088 libere
1831 2048 1880 2088 et
1916 2040 2080 2103 quiete
2115 2039 2215 2088 fine
2239 2041 2384 2089 hosti-

350 2133 479 2198 lagio
515 2159 524 2168 ·
565 2131 838 2180 Reddendo
879 2131 1020 2180 nobis
1060 2131 1177 2179 inde
1217 2129 1472 2178 annuatim
1518 2137 1619 2179 tres
1658 2130 1835 2179 solidos
1877 2130 2070 2195 argenti
2111 2131 2174 2178 ad
2210 2131 2383 2179 festum

354 2224 517 2273 Sanffi
541 2223 748 2272 Martini
782 2223 834 2271 in
869 2223 1046 2288 hyeme
1072 2252 1082 2262 ·
1118 2223 1185 2272 Et
1221 2222 1469 2270 sciendum
1506 2222 1638 2285 quod
1673 2220 1706 2268 fi
1743 2221 1991 2285 predifilms
2025 2221 2280 2270 Johannes
2306 2223 2384 2270 vel

350 2317 556 2364 heredes
588 2315 660 2363 sui
696 2313 972 2364 neceflitate
1011 2322 1218 2380 cogente
1254 2313 1431 2362 distam
1464 2308 1653 2362 ¹'terram
1692 2314 1903 2361 vendere
1940 2313 2018 2361 vel
2052 2313 2383 2378 impignorare

352 2406 597 2454 voluerint
617 2409 633 2454 ε’
667 2406 807 2453 nobis
829 2405 966 2469 prius
991 2422 1095 2454 eam
1123 2406 1294 2453 offeret
1318 2422 1464 2468 quam
1489 2405 1731 2470 aliquibus
1758 2405 1865 2453 aliis
1888 2406 1940 2453 in
1965 2406 2148 2453 mundo
2172 2421 2265 2454 nec
2283 2406 2382 2453 fine

350 2498 552 2546 licentia
585 2495 750 2544 nostra
783 2496 983 2561 speciali
1017 2496 1197 2560 poterit
1227 2513 1334 2545 eam
1359 2497 1575 2546 vendere
1606 2514 1699 2546 nec
1735 2514 1842 2544 eam
1878 2497 2054 2561 aliquis
2091 2513 2286 2544 emere·
2322 2496 2382 2544 In

350 2590 486 2638 cuius
510 2589 582 2637 rei
607 2588 937 2637 testimonium
970 2589 1274 2653 presentibus
1310 2587 1517 2654 figillum
1554 2605 1810 2636 commune
1847 2588 2049 2652 capituli
2083 2588 2235 2636 nostri
2267 2588 2383 2636 feci-

349 2700 454 2730 mus
495 2681 675 2746 apponi
713 2709 723 2720 ·
774 2679 962 2730 Datum
1008 2682 1139 2746 apud
1179 2679 1527 2730 Aberbrothoc
1572 2679 1625 2727 in
1669 2678 1880 2727 crastino
1927 2678 2205 2743 Epiphanie
2253 2695 2381 2726 anno

348 2774 552 2822 Domini
576 2772 827 2821 millesimo
852 2771 1180 2821 ducentesimo
1206 2750 1507 2837 octogesimo*
1525 2779 1700 2821 octauo
1726 2801 1736 2811 ·
