2554 3900
374 425 470 474 292
819 416 1240 468 REGISTRUM
1275 417 1371 466 DE
1406 413 1961 474 ABERBROTHOC.

375 551 553 599 nostris
578 559 626 599 et
649 567 739 615 pro
765 567 859 598 vno
883 549 1204 614 gardroperio
1230 580 1240 590 -
1265 547 1790 611 duobus'garcionibus
1815 553 1864 594 et
1889 545 2077 593 duobus
2113 545 2251 608 equis
2285 544 2422 593 ficut

377 641 708 707 gardroperiis
732 640 1045 705 garcionibus
1070 648 1119 687 et
1143 640 1280 702 equis
1306 638 1494 687 abbatis
1526 645 1575 686 et
1598 637 1837 700 solempni
1861 636 2174 700 stipulatione
2207 635 2407 699 promit·
2499 663 2502 666 -

378 732 524 781 timus
565 731 696 778 bona
729 730 826 777 fide
861 756 872 766 ·
906 728 972 777 Et
1013 729 1167 776 dictus
1203 728 1434 791 magister
1468 727 1694 792 Rogerus
1730 727 1874 791 super
1907 726 2115 775 seruicio
2151 726 2234 773 suo
2269 726 2410 774 nobis
2500 763 2503 767 »

379 821 708 886 impendendo
731 818 980 866 fidelitatis
1003 817 1144 865 nobis
1167 816 1376 880 prestitit
1399 819 1754 867 sacramentum
1777 825 1924 882 prout
1947 818 2000 865 in
2019 817 2230 881 quadam
2246 817 2413 866 littera

382 911 536 976 figillo
561 911 643 957 suo
667 909 853 973 fignata
876 907 1070 972 plenius
1096 907 1378 955 continetur
1413 935 1424 946 ·
1461 907 1522 956 In
1558 908 1695 956 cuius
1728 909 1803 956 rei
1837 907 2167 956 testimonium
2200 907 2414 970 presenti

381 1002 560 1065 scripto
597 1000 808 1064 sigillum
845 1015 1101 1046 commune
1140 997 1343 1061 capituli
1379 998 1529 1045 nostri
1567 998 1773 1046 fecimus
1811 999 1992 1062 apponi
2028 1024 2038 1034 ·
2072 997 2259 1045 Datum
2285 998 2415 1061 apud
2472 972 2494 989 ’ξ

383 1089 729 1139 Aberbrothoc
754 1088 832 1136 die
857 1088 1026 1136 martis
1049 1088 1101 1135 in
1125 1087 1246 1135 festo
1275 1086 1441 1136 Sanffl
1466 1088 1620 1136 Bricii
1638 1089 1852 1153 episcopi
1872 1096 1920 1137 et
1939 1087 2218 1137 confefforis
2238 1115 2248 1125 -
2266 1088 2415 1137 Anno
2476 1135 2479 1137 a

384 1181 550 1246 gracie
574 1178 826 1228 millesimo
851 1178 1191 1228 trecentesimo
1217 1178 1408 1226 decimo
1432 1178 1579 1227 tertio
1604 1205 1614 1216 ·

388 1431 599 1501 Littera
622 1449 913 1514 obligatoria
933 1449 1183 1497 fidelitatis
1207 1449 1394 1514 Rogeri
1417 1449 1478 1496 de
1503 1448 1813 1497 Balnebrech
1838 1476 1848 1486 ·

207 1624 346 1690 [337]
392 1610 652 1682 Omnibus
675 1631 763 1680 has
786 1631 976 1679 litteras
1000 1630 1172 1679 visuris
1196 1632 1276 1679 vel
1300 1630 1540 1679 audituris
1564 1630 1790 1695 Rogerus
1815 1631 1876 1679 de
1913 1630 2209 1679 Balnebrich
2245 1631 2421 1679 Restm
2479 1631 2485 1694 J

391 1721 591 1770 ecclesie
627 1721 842 1791 deQBlar
879 1721 1081 1769 salutem
1115 1721 1168 1768 in
1194 1721 1412 1769 Domino
1449 1721 1792 1785 sempiternam
1816 1748 1827 1758 ·
1863 1721 2118 1770 Noueritis
2152 1739 2230 1770 me
2265 1722 2421 1770 teneri
2483 1719 2486 1730 ³

392 1821 440 1861 et
476 1830 565 1876 per
598 1813 955 1861 sacramentum
983 1812 1238 1877 prestitum
1277 1813 1532 1879 corporale
1568 1813 1774 1861 firmiter
1812 1813 2021 1878 obligari
2055 1814 2267 1862 dominis
2305 1814 2423 1863 meis

392 1903 557 1952 abbati
599 1911 648 1951 et
689 1903 956 1951 conuentui
997 1904 1057 1951 de
1097 1903 1445 1951 Aberbrothoc
1487 1905 1550 1951 ad
1588 1904 1904 1968 prestandum
1947 1905 2126 1953 eisdem
2168 1912 2216 1953 et
2257 1922 2422 1954 eorum
2500 1906 2506 1944 ἶ

374 1992 685 2041 ⁴monasterio
711 2000 812 2041 toto
837 2010 946 2041 meo
977 2000 1216 2057 perpetuo
1250 1993 1395 2042 fidele
1432 1995 1692 2043 seruicium
1726 2013 1887 2044 meum
1925 1995 2178 2044 confilium
2213 2003 2262 2045 et
2294 1997 2423 2045 labo·

391 2101 496 2131 rem
518 2084 572 2132 in
597 2084 820 2132 omnibus
845 2085 1047 2148 agendis
1073 2085 1168 2133 suis
1201 2102 1292 2149 pro
1326 2085 1454 2149 pofl'e
1488 2103 1598 2134 meo
1635 2086 1913 2150 vbicunque
1950 2087 2341 2151 quandocunque
2378 2096 2425 2136 et

394 2175 816 2239 quocienscunque
839 2193 929 2240 per
951 2176 1078 2240 ipsos
1103 2177 1327 2224 dominos
1349 2194 1484 2226 meos
1510 2175 1558 2227 e't
1584 2195 1752 2226 eorum
1776 2178 2123 2226 monasterium
2155 2178 2175 2243 [
2375 2232 2378 2236 ,
2401 2178 2421 2244 ]
2509 2201 2515 2208 ·

395 2267 690 2330 aliquatinus
715 2268 1065 2331 temptauerint
1087 2268 1378 2333 impugnare
1403 2269 1536 2317 salua
1569 2269 1665 2317 fide
1699 2269 1838 2334 regia
1873 2277 1921 2317 et
1958 2269 2141 2317 domini
2178 2269 2274 2318 mei
2309 2252 2440 2334 epis-A
2483 2260 2498 2331 ’1

396 2358 506 2421 copi
538 2357 703 2406 Sancti
726 2358 929 2406 Andree
954 2387 965 2397 ·
993 2358 1054 2407 In
1080 2359 1216 2407 cuius
1240 2359 1314 2407 rei
1338 2359 1666 2408 testimonium
1688 2359 1994 2423 presentibus
2018 2360 2196 2409 litteris
2221 2360 2426 2424 sigillum

397 2466 559 2497 meum
584 2449 784 2513 apposui
818 2477 828 2487 ·
863 2449 1051 2498 Datum
1075 2451 1207 2514 apud
1230 2450 1577 2499 Aberbrothoc
1599 2450 1654 2498 in
1678 2451 1804 2498 festo·
1829 2449 1993 2499 Sancti
2029 2450 2184 2499 Bricii
2219 2443 2426 2515 episcopi
2486 2491 2490 2502 .,
2516 2504 2518 2506 ,

399 2547 447 2588 et
472 2538 751 2588 confessoris
776 2557 905 2588 anno
929 2541 1096 2605 gracie
1120 2540 1376 2590 millesimo
1399 2540 1741 2590 trecentesimo
1765 2542 2115 2590 terciodecimo
2141 2569 2151 2578 ·

399 2788 611 2858 Littera
632 2811 975 2874 procuratoria
997 2811 1058 2858 ad
1084 2811 1390 2862 assedandam
1416 2812 1668 2862 ecclesiam
1693 2814 1754 2862 de
1779 2813 2025 2879 Inuernys
2052 2845 2062 2854 -

220 2980 359 3045 [338]
403 2970 677 3042 Uniuerfis
705 2991 888 3040 Christi
909 2992 1135 3041 fidelibus
1159 2994 1222 3041 ad
1257 3011 1378 3057 quos
1411 2994 1659 3059 presentes
1700 2996 1864 3045 littere
1904 2996 2224 3060 peruenerint
2258 2994 2429 3043 Frater

404 3081 687 3129 Bernardus
710 3083 1021 3145 permiffione
1042 3084 1211 3132 diuina
1234 3085 1381 3133 abbas
1406 3085 1467 3133 de
1491 3086 1839 3136 Aberbrothoc
1864 3094 1913 3136 et
1948 3087 2161 3136 eiusdem
2196 3086 2294 3135 loci
2321 3102 2429 3134 con-

405 3179 579 3219 uentus
614 3171 815 3220 salutem
848 3173 914 3220 in·
935 3173 1153 3222 Domino
1189 3174 1534 3239 sempiternam
1563 3204 1573 3214 ·
1609 3178 1662 3226 N
1664 3180 1866 3227 oueritis
1901 3180 2034 3243 quod
2067 3179 2271 3227 facimus
2305 3177 2429 3225 ordi-
