2612 3926
379 441 441 471 xx
1247 420 1555 469 TABULA.

382 573 479 615 320.
511 569 640 614 Carta
659 568 869 626 Nycholai
888 568 1047 611 abbatis
1067 582 1192 625 super
1210 568 1330 609 terris
1349 566 1400 608 de
1427 564 1738 609 Kilalcmunith
1761 564 1848 605 sive
1880 562 2081 606 Cedlach.
2144 565 2274 608 1299.

568 645 719 699 Reyist.
739 644 840 699 Niy.
851 644 893 700 f.
915 644 954 697 1,
975 651 1010 685 et
1029 642 1181 698 Reyist.
1202 642 1375 696 Reqazit.
1388 641 1429 697 f.
1451 642 1655 694 2,.
2021 669 2030 679 .
2207 670 2217 680 .
2260 638 2312 679 Ρ.
2335 640 2419 681 275

383 720 479 761 321.
512 717 642 761 Carta
674 716 884 774 Nycholai
922 715 1081 758 abbatis
1119 729 1243 772 super
1279 714 1514 771 hostillagio
1553 719 1694 756 nostro
1733 711 1778 754 in
1821 710 2084 769 Streweling.
2149 713 2275 756 1299.

566 792 718 846 Reyist.
737 791 837 846 Niq.
850 791 891 847 f.
915 791 953 844 1,
975 797 1011 832 et
1030 788 1181 845 Reqist.
1201 789 1376 844 Reyatit.
1388 788 1430 844 f.
1453 789 1493 841 3,
1647 817 1656 827 .
1834 816 1844 826 .
2022 818 2031 827 .
2337 788 2421 830 276

381 867 478 907 322.
493 864 639 909 Carta
657 864 692 908 J
693 863 867 906 ohanms
887 862 1046 905 abbatis
1065 861 1176 904 facta
1196 860 1387 905 Galfrido
1417 859 1655 913 Runeueld,
1686 858 1739 901 de
1768 865 2007 901 tenemento
2037 858 2082 900 in
2115 858 2305 916 Cobgate

568 938 619 980 de
642 936 942 979 Aberbrothoc.
1002 937 1128 978 1303.
1185 935 1339 990 Reyist.
1360 935 1464 989 Nm.
1475 933 1518 990 f.
1540 934 1579 986 1,
1601 940 1636 976 et
1655 932 1808 989 Reyist.
1829 933 2006 988 Regalit.
2018 933 2058 989 f.
2084 934 2122 986 2,
2204 967 2212 974 .
2336 935 2419 976 277

382 1014 479 1056 323.
513 1012 642 1056 Carta
659 1010 880 1053 Michaelis
899 1009 951 1052 de
971 1008 1187 1051 Monifuth
1216 1023 1341 1066 super
1369 1023 1442 1050 sex
1471 1006 1610 1049 solidis
1639 1013 1682 1048 et
1710 1013 1804 1048 octo
1833 1005 2013 1048 denariis
2042 1020 2117 1062 pro
2147 1005 2278 1048 crofto

566 1085 675 1143 quod
696 1084 747 1126 ab
767 1084 825 1126 eis
845 1083 981 1126 tenuit
998 1082 1043 1124 in
1063 1082 1268 1124 territorio
1298 1081 1350 1124 de
1378 1080 1619 1123 Monefuth.
1682 1082 1808 1124 1310.
1867 1080 2021 1136 Reqist.
2039 1080 2139 1136 Niy.
2163 1081 2203 1136 f.
2235 1081 2276 1134 2,

565 1169 600 1203 et
619 1160 770 1216 Reyist.
792 1158 965 1214 Royalit.
977 1157 1019 1214 f.
1043 1159 1082 1210 7,
1274 1188 1283 1198 .
1460 1186 1470 1196 .
1647 1187 1657 1197 .
1835 1186 1844 1196 .
2023 1186 2032 1196 .
2209 1187 2219 1196 .
2338 1157 2421 1198 278

381 1235 477 1277 324.
510 1233 676 1275 Littera
707 1230 969 1289 pensionaria
1002 1228 1172 1271 ecclesie
1206 1227 1258 1270 de
1292 1227 1540 1285 Hautwysel
1576 1228 1674 1270 data
1708 1227 1877 1270 domino
1911 1227 1945 1271 J
1947 1227 2102 1270 ohanni
2142 1243 2278 1286 nuper

564 1305 717 1348 abbati.
778 1306 904 1348 1311.
964 1303 1115 1358 Reyist.
1137 1302 1238 1358 My.
1250 1303 1292 1359 f.
1316 1305 1355 1356 9,
1458 1335 1468 1345 .
1645 1334 1655 1344 .
2338 1305 2422 1347 279

380 1382 476 1424 325.
507 1380 671 1422 Littera
690 1377 988 1421 commissionis
1014 1391 1089 1434 pro
1112 1376 1283 1421 Nesone
1313 1377 1449 1434 priore
1473 1375 1525 1418 de
1551 1375 1707 1433 Fyvyn
1731 1382 1774 1418 et
1804 1374 1998 1419 Galfrido
2023 1335 2277 1419 Thodlatich

564 1453 762 1496 canonico
800 1452 1057 1494 Moraviensi
1102 1451 1148 1493 in
1187 1449 1358 1494 diversis
1404 1451 1538 1494 causis
1577 1450 1831 1493 monasterii.
1915 1452 2041 1494 1311.
2121 1452 2272 1506 Reyist.

562 1528 662 1584 Niq.
676 1528 716 1584 f.
740 1530 779 1581 9,
899 1559 908 1568 .
1087 1556 1096 1567 .
1274 1559 1282 1568 .
1461 1556 1471 1567 .
1648 1557 1658 1567 .
1836 1557 1845 1567 .
2023 1558 2032 1567 .
2210 1558 2220 1567 .
2338 1528 2422 1570 280

378 1603 475 1644 326.
505 1600 723 1643 Assedatio
761 1608 966 1642 terrarum
1013 1598 1081 1641 del
1118 1598 1288 1641 Boucht
1326 1598 1380 1641 ad
1413 1598 1556 1643 David
1594 1599 1835 1657 episcopum
1865 1599 2174 1642 Moraviensem
2203 1615 2278 1657 per

562 1674 827 1717 Bernardum
846 1673 1054 1716 abbatem.
1115 1674 1242 1717 1311.
1301 1674 1452 1729 Reyist.
1474 1674 1576 1730 My.
1589 1674 1631 1731 f.
1655 1676 1695 1728 9,
1831 1707 1840 1716 .
2208 1708 2217 1716 .
2336 1678 2417 1718 281

378 1752 474 1792 327.
508 1747 722 1805 Obligatio
735 1747 914 1805 episcopi
928 1747 1205 1790 Moraviensis
1216 1761 1291 1804 pro
1303 1747 1424 1789 terris
1438 1748 1590 1790 nostris
1605 1747 1674 1790 del
1687 1747 1871 1791 Boucht.
1934 1706 2059 1791 1311.
2121 1749 2273 1804 Regi-st.

562 1823 662 1879 Niy.
676 1824 717 1880 f.
741 1825 780 1877 9,
887 1855 898 1866 .
1077 1855 1087 1864 .
2336 1826 2418 1867 282

377 1900 472 1940 328.
506 1895 719 1954 obligatio
733 1895 967 1938 Alexandri
981 1894 1136 1937 Fraser
1151 1909 1226 1952 pro
1241 1895 1361 1937 terris
1377 1895 1429 1938 de
1444 1895 1597 1953 Turry.
1662 1898 1787 1940 1312.
1830 1856 2000 1952 ‘Reyisa
2021 1897 2120 1952 Nv'y.
2133 1898 2173 1954 s.
2199 1857 2267 1951 10,
2366 1900 2417 1942 ib.

377 1974 474 2014 329.
505 1970 724 2013 Assedatio
745 1970 1001 2013 decimarum
1019 1968 1256 2027 garbalium
1285 1969 1457 2013 ecclesie
1486 1970 1538 2013 de
1557 1970 1761 2013 Invernes
1791 1970 1846 2013 ad
1864 1970 2008 2013 David
2036 1971 2276 2028 episcopum

559 2044 867 2087 Moraviensem
886 2059 962 2101 per
979 2042 1246 2085 Bernardum
1267 2043 1473 2087 abbatem.
1536 2046 1663 2088 1312.
1722 2045 1876 2100 Reyist.
1898 2045 1998 2100 Niy.
2011 2046 2052 2102 f.
2077 2047 2116 2099 9,
2207 2079 2215 2088 .
2335 2049 2419 2090 283

377 2121 475 2163 330.
507 2118 725 2161 Assedatio
737 2125 942 2160 terrarum
955 2117 1006 2159 de
1018 2116 1158 2174 Turry
1172 2117 1225 2159 ad
1231 2116 1524 2160 Alexandrum
1537 2118 1693 2164 Fraser
1703 2133 1778 2175 per
1789 2118 2055 2161 Bernardum
2068 2119 2275 2162 abbatem.

565 2194 689 2236 1312.
749 2193 899 2249 Reyist.
924 2193 1026 2248 Niy.
1039 2193 1080 2249 f.
1104 2195 1143 2246 9,
1268 2225 1278 2234 .
1454 2226 1463 2235 .
1643 2225 1652 2233 .
1831 2225 1840 2234 .
2018 2225 2028 2234 .
2206 2227 2216 2236 .
2335 2197 2420 2238 284

379 2269 475 2309 331.
506 2267 672 2308 Littera
690 2266 935 2323 obligatoria
954 2265 1140 2322 Rayneri
1160 2265 1214 2308 ad
1233 2265 1427 2308 abbatem
1447 2265 1715 2309 Bernardum
1734 2281 1809 2323 pro
1825 2265 2076 2309 victualibus
2089 2274 2131 2309 et
2142 2267 2276 2310 officio

565 2339 789 2384 senescalli.
851 2341 976 2384 1312.
1036 2341 1187 2396 Reqist.
1208 2340 1310 2397 Niy.
1321 2341 1363 2397 f.
1387 2343 1427 2394 9,
1642 2372 1651 2382 .
1829 2373 1838 2382 .
2018 2373 2027 2382 .
2206 2375 2215 2384 .
2323 2346 2420 2386 285

380 2417 478 2458 332.
509 2415 736 2456 Revocatio
755 2414 964 2471 pensionis
983 2413 1154 2456 ecclesie
1178 2413 1230 2456 de
1259 2414 1519 2472 Hautwyssil
1549 2430 1575 2457 a
1603 2414 1636 2458 J
1638 2413 1804 2457 ohanne
1834 2412 1995 2456 dudum
2025 2415 2175 2458 abbate
2204 2431 2279 2473 per

565 2487 827 2530 Bernardum
848 2487 1052 2530 abbatem
1115 2490 1240 2531 1312.
1301 2490 1454 2544 Reyist.
1474 2489 1575 2544 Nty.
1589 2489 1631 2546 f.
1655 2490 1723 2542 10,
1833 2521 1842 2531 .
2020 2520 2029 2530 .
2336 2492 2419 2534 287

381 2565 477 2605 333.
510 2561 724 2620 Obligatio
743 2577 818 2619 pro
838 2561 1122 2619 redemptione
1140 2562 1175 2605 J
1176 2562 1352 2605 ohannls
1372 2562 1534 2605 dudum
1555 2562 1716 2605 abbatis
1736 2577 1851 2605 nunc
1871 2563 2025 2621 captivi
2044 2563 2089 2605 in
2104 2522 2276 2621 Anglia,

564 2651 639 2693 per
657 2635 923 2679 Bernardum
942 2635 1148 2678 abbatem.
1208 2637 1334 2680 1312.
1396 2638 1548 2692 Reyist.
1569 2637 1672 2692 szy.
1685 2637 1726 2694 f.
1750 2637 1818 2691 10,
2020 2670 2029 2678 .
2208 2671 2217 2679 .
2337 2642 2420 2682 288

382 2711 478 2752 334.
511 2709 751 2753 Convencio
771 2709 881 2751 inter
900 2709 1166 2752 Willelmum
1186 2710 1426 2768 episcopum
1448 2711 1595 2755 Sancti
1622 2709 1795 2753 Andree
1825 2718 1867 2753 et
1896 2711 2194 2753 monasterium
2226 2712 2277 2754 de

564 2782 866 2826 Aberbrothoc.
929 2784 1053 2827 1312.
1114 2785 1266 2839 Reyist.
1289 2785 1389 2840 Niq.
1402 2786 1443 2842 f.
1467 2787 1535 2839 11,
1557 2793 1594 2829 et
1611 2785 1763 2841 Reyist.
1785 2785 1958 2840 Reyalic.
1970 2785 2012 2840 f.
2034 2786 2074 2836 8,
2208 2819 2217 2828 .
2337 2790 2420 2830 289

383 2859 479 2900 335.
509 2856 728 2899 Assedatio
747 2864 858 2899 terre
878 2856 930 2899 de
950 2856 1269 2903 Douenaldston
1291 2858 1345 2903 ad
1363 2859 1397 2902 J
1399 2859 1606 2902 ohannem
1628 2857 1696 2900 del
1727 2856 1878 2915 Cragis
1908 2872 1982 2914 per
2012 2857 2276 2901 Bernardum

566 2931 770 2974 abbatem.
832 2932 957 2981 1312.
1016 2932 1168 2989 Reqist.
1189 2933 1290 2988 Niy.
1304 2934 1344 2990 f.
1370 2935 1437 2988 10,
1643 2964 1653 2974 .
1831 2962 1841 2972 .
2019 2965 2028 2974 .
2207 2967 2216 2975 .
2335 2937 2420 2978 290

383 3006 480 3047 336.
511 3004 750 3061 Assignatio
771 3019 909 3046 annue
928 3005 1136 3062 pensionis
1156 3012 1265 3048 terre
1284 3013 1424 3049 nostre
1444 3007 1495 3049 de
1517 3006 1722 3064 Crofergy
1742 3005 1794 3048 ad
1816 3005 2031 3062 Rogeium
2053 3006 2104 3048 de
2124 3007 2275 3050 Balne-

566 3078 704 3120 brech.
766 3081 891 3122 1313.
951 3079 1105 3134 Reyist.
1127 3080 1228 3135 Niq.
1242 3081 1282 3137 f.
1307 3083 1374 3135 10,
1459 3114 1468 3123 .
2335 3084 2416 3126 291

382 3154 477 3196 337.
509 3151 674 3193 Littera
685 3152 927 3208 obligatoria
938 3151 1148 3195 fidelitatis
1161 3153 1317 3211 Rogen
1331 3153 1382 3196 de
1395 3114 1669 3198 Balnebrecli.
1715 3159 1840 3200 1313.
1882 3158 2032 3213 Reyist
2041 3157 2142 3200 Nio.
2147 3157 2189 3212 f.
2206 3116 2272 3209 11,
2334 3159 2417 3200 292
