2554 3900
615 429 1039 481 REGISTRUM
1074 429 1170 478 DE
1207 430 1760 482 ABERBROTHOC.
2108 442 2195 484 301

177 584 286 618 cum
312 564 605 615 voluerimus
629 562 855 612 tenendis
893 590 902 599 ·
937 533 1210 635 Reddendo
1246 562 1361 610 inde
1396 564 1536 611 nobis
1572 572 1620 612 et
1655 564 1996 614 successoribus
2031 567 2206 615 nostris

176 659 330 708 diffisus
349 655 628 705 Willelmus
647 661 696 702 et
713 653 920 702 heredes
940 653 1010 701 sui
1029 654 1151 702 duos
1169 654 1345 702 solidos
1365 656 1556 720 argenti
1578 656 1775 722 singulis
1794 658 1935 706 annis
1954 659 2016 706 ad
2034 658 2205 708 festum

177 750 332 798 sandse
367 745 600 796 trinitatis
635 751 685 792 et
721 745 1022 792 inueniendo
1059 744 1223 793 abbati
1264 746 1325 793 de
1361 746 1707 796 Aberbrothoc
1742 748 1826 812 qui
1862 765 1951 813 pro
1988 757 2205 813 tempore

174 839 320 890 fuerit
343 844 392 886 et
426 837 531 885 eius
565 835 818 884 monachis
854 835 1099 883 conuerfis
1135 844 1184 884 et
1219 835 1426 886 clericis
1445 838 1639 887 balliuis
1674 847 1722 887 et
1751 840 2010 889 attornatis
2034 858 2206 889 eorun-

176 932 284 980 dem
319 927 627 977 venientibus
663 943 754 990 pro
793 926 1010 991 negociis
1048 935 1096 975 et
1131 927 1284 976 causis
1321 930 1602 978 monasterii
1643 930 1877 994 quociens
1915 932 2206 980 aduenerint

174 1019 369 1086 singulis
402 1018 663 1067 secundum
702 1017 880 1066 statum
915 1018 1051 1065 suum
1087 1035 1198 1066 cum
1233 1019 1418 1069 familia
1451 1021 1536 1069 sua
1571 1050 1581 1060 -
1615 1021 1870 1071 honestum
1904 1022 2170 1087 hospicium
2196 1051 2205 1059 ·

175 1112 331 1163 aulam
368 1111 422 1159 in
459 1127 558 1174 qua
592 1109 794 1157 honeste
834 1110 1091 1157 comedere
1126 1117 1359 1173 poterunt
1395 1141 1405 1151 ·
1444 1129 1556 1161 cum
1591 1112 1756 1161 mensa
1787 1113 2000 1162 trestulis
2027 1121 2075 1162 et
2100 1114 2206 1162 aliis

174 1202 485 1269 apparatibus
510 1231 520 1240 ·
545 1199 762 1264 spensam
800 1216 911 1247 cum
942 1199 1204 1249 butellario
1241 1219 1486 1251 cameram
1521 1204 1603 1251 seu
1638 1220 1856 1252 cameras
1891 1203 1969 1252 vbi
2006 1203 2206 1253 honeste

173 1296 407 1345 recubare
446 1300 679 1358 poterunt
718 1322 727 1331 ·
772 1290 1048 1355 Coquinam
1086 1291 1339 1341 honestam
1375 1320 1384 1329 ·
1420 1302 1470 1343 et
1507 1293 1747 1342 stabulum
1782 1311 1873 1358 pro
1908 1294 2046 1358 equis
2080 1294 2173 1342 suis
2197 1323 2207 1333 ·

173 1387 426 1437 inuenient
458 1384 614 1433 eciam
649 1384 702 1431 in
738 1383 1031 1432 aduentibus
1065 1383 1298 1447 prediais
1332 1383 1552 1448 personis
1587 1383 1877 1432 sufficienter
1915 1384 2071 1433 focale
2109 1393 2207 1433 tam

174 1482 224 1530 in
271 1479 383 1528 aula
429 1485 477 1527 et
523 1477 575 1524 in
623 1492 820 1524 camera
856 1492 1002 1539 quam
1040 1475 1093 1524 in
1129 1474 1342 1537 coquina
1377 1478 1394 1523 ἐ
1434 1474 1568 1522 albas
1595 1474 1825 1523 candelas
1861 1475 1922 1523 de
1957 1475 2068 1539 sepo
2115 1492 2209 1539 que

176 1571 443 1637 uulgariter
478 1575 828 1632 nuncupantur
865 1567 1069 1616 candele
1106 1567 1166 1615 de
1192 1565 1333 1614 Paris
1363 1594 1372 1603 ·
1398 1565 1655 1614 le&erium
1680 1565 1998 1615 stramentum
2023 1566 2074 1612 in
2099 1566 2211 1614 aula

175 1671 222 1712 et
246 1677 440 1711 camera
475 1668 524 1709 et
548 1659 615 1708 sal
649 1676 740 1724 pro
775 1657 951 1707 menfis
987 1657 1269 1707 ·²Preterea
1304 1672 1415 1704 cum
1451 1655 1620 1704 nuncii
1650 1655 1729 1704 vel
1765 1655 1985 1704 cursores
2021 1656 2208 1704 abbatis

175 1752 531 1810 interuenerint
549 1751 613 1799 ad
635 1750 982 1814 hospitandum
1007 1748 1106 1797 fine
1132 1748 1521 1797 contradifflone
1547 1747 1867 1796 admittentur
1885 1775 1895 1785 ·
1916 1747 1978 1795 ad
1995 1748 2210 1812 sumptus

174 1853 335 1894 tamen
369 1860 460 1908 pro
497 1841 694 1891 cibariis
728 1840 824 1889 suis
859 1841 990 1890 idem
1016 1839 1296 1888 Willelmus
1331 1847 1380 1887 et
1414 1839 1620 1887 heredes
1651 1837 1723 1886 sui
1755 1854 1851 1885 non
1879 1838 2208 1886 tenebuntur-

175 1935 347 1985 Diuus
373 1934 528 1983 eciam
552 1933 835 1982 Willelmus
858 1932 939 1981 seu
963 1931 1171 1979 heredes
1194 1931 1264 1979 sui
1293 1931 1428 1979 nullo
1452 1931 1598 1978 modo
1623 1938 1806 1979 terram
1831 1936 1880 1978 et
1902 1928 2210 1994 hostilagium

176 2027 444 2092 predi&um
470 2025 685 2074 vendent
717 2023 1122 2088 impignorabunt
1156 2022 1238 2071 seu
1273 2021 1558 2070 alienabunt
1582 2049 1591 2059 ·
1617 2021 1695 2068 vel
1729 2021 1793 2069 ad
1824 2020 2013 2068 firmam
2050 2020 2212 2068 dimit-

112 2187 114 2189 Υ
180 2126 282 2168 tent
306 2117 452 2167 alicui
474 2116 681 2182 persone
705 2115 793 2163 nifi
821 2115 882 2164 de
908 2114 1142 2163 consensu
1175 2112 1507 2177 predi&orum
1543 2111 1731 2160 abbatis
1760 2119 1810 2159 et
1834 2118 2105 2159 conuentus
2128 2112 2212 2175 qui

180 2227 268 2275 pro
296 2217 515 2274 tempore
539 2208 724 2257 fuerint
750 2239 759 2248 -
796 2206 856 2255 In
893 2207 1032 2255 cuius
1067 2206 1141 2254 rei
1175 2203 1504 2254 testimonium
1538 2202 1752 2267 presenti
1786 2210 1920 2251 carte
1957 2218 2211 2249 commune

81 2298 87 2305 ’
181 2301 385 2369 figillum
409 2301 612 2367 capituli
638 2300 790 2349 nostri
815 2298 1127 2349 concorditer
1151 2295 1354 2346 fecimus
1373 2294 1584 2359 apponi·
1604 2292 1752 2342 Teste
1777 2293 1949 2341 eodem
1968 2293 2181 2357 capitulo
2202 2319 2211 2329 ·

31 2407 50 2722 κ,

182 2393 330 2442 Anno
352 2393 518 2458 gracie
542 2390 795 2440 millesimo
819 2388 1159 2439 trecentesimo
1184 2387 1386 2452 septimo
1411 2385 1602 2434 decimo
1627 2413 1636 2423 ·

183 2638 351 2713 Carta
371 2660 618 2727 hostilagii
642 2661 703 2709 de
728 2659 1070 2724 Inuerkethyn
1095 2687 1104 2696 ·

36 2724 143 2904 inq
185 2820 282 2892 De
315 2842 571 2908 hostilagio
606 2844 667 2892 de
704 2841 1046 2907 Inuerkethyn
1071 2840 1201 2904 quod
1226 2838 1466 2887 affedatur
1491 2835 1707 2884 Roberto
1731 2833 1910 2882 textori
1936 2859 1945 2869 ·
1972 2831 2208 2896 Burgensi

185 2933 244 2981 de
282 2931 651 2999 Inuerchethyn
691 2950 780 2998 per
826 2931 1210 2997 refiguacionem
1250 2927 1488 2978 Willelmi
1535 2926 1735 2991 Bonayr
1779 2931 1936 2973 totum
1976 2931 2028 2972 vt
2066 2924 2209 2987 supra

178 3023 244 3073 *de
279 3023 550 3090 hostillagio
585 3025 646 3073 de
670 3023 836 3073 Peblis
870 3023 965 3072 hoc
997 3022 1166 3071 addito
1205 3019 1337 3084 quod
1371 3016 1591 3066 inueniet
1619 3016 1731 3065 vasa
1765 3031 1888 3063 enea
1922 3014 1985 3063 ad
2008 3014 2209 3077 quoqui-

185 3130 296 3162 nam
334 3114 599 3205 necessaria
637 3122 688 3164 et
729 3115 841 3163 vasa
879 3114 1035 3179 lignia
1076 3111 1304 3161 videlicet
1348 3107 1573 3158 scutellas
1619 3113 1667 3155 et
1707 3104 1931 3170 platellas
1970 3120 2060 3169 pro
2098 3103 2211 3153 aula

186 3203 499 3255 sufficientia·
