2554 3900
598 419 1022 473 REGISTRUM
1055 418 1151 467 DE
1188 415 1747 467 ABERBROTHOC.
2099 418 2196 468 265

163 630 440 702 Laurencii
465 647 581 697 villa
603 647 747 695 soluit
770 644 1022 694 dimidiam
1046 652 1237 708 petram
1263 661 1374 693 cere
1399 671 1409 681 ·

13 829 123 895 309]
166 809 421 882 Omnibus
443 829 537 877 hoc
560 826 793 892 scriptum
818 825 990 874 visuris
1015 825 1094 874 uel
1131 826 1370 874 audituris
1396 825 1632 875 Valterus
1670 825 1902 875 Cummin
1938 842 2099 874 comes
2135 827 2195 875 de

165 921 414 972 Meneteth
446 921 646 969 salutem
670 946 680 956 -
717 918 974 967 Noueritis
1007 934 1084 966 me
1122 916 1395 966 conceffiss'e
1432 923 1481 965 et
1517 916 1816 965 confirmasse
1852 918 2036 965 donum
2065 918 2197 981 quod

162 1013 381 1062 dominus
405 1010 689 1060 Alexander
713 1010 775 1057 de
803 1008 1043 1073 Striuilyn
1078 1007 1218 1056 miles
1254 1017 1303 1057 et
1334 1008 1491 1056 fidelis
1525 1026 1664 1057 meus
1700 1008 1909 1059 contulit
1943 1009 2196 1058 monachis

162 1105 221 1153 de
246 1101 586 1152 Aberbrothoc
609 1109 757 1164 prout
783 1099 1064 1148 continetur
1098 1099 1149 1146 in
1187 1107 1325 1147 carta
1358 1099 1443 1148 sua
1465 1099 1733 1163 subscripta
1757 1116 1903 1164 quam
1929 1100 2071 1149 diffls
2095 1117 2195 1148 mo-

160 1194 326 1244 nachis
349 1192 555 1242 contulit
578 1219 588 1230 ·
615 1191 857 1241 Omnibus
881 1191 969 1239 has
1003 1190 1173 1238 literas
1211 1190 1384 1238 uisuris
1420 1190 1501 1238 uel
1535 1190 1775 1238 audituris
1811 1190 2100 1239 Alexander
2135 1192 2196 1240 de

165 1285 398 1351 Striuilyn
423 1313 434 1325 ·
457 1284 659 1332 salutem
683 1283 734 1331 in
758 1282 977 1331 Domino
1001 1309 1012 1321 ·
1045 1281 1260 1329 Nouerit
1294 1280 1586 1330 uniuersitas
1611 1281 1773 1329 uestra
1803 1298 1881 1330 me
1917 1299 2008 1346 pro
2042 1283 2195 1331 salute

162 1377 317 1426 anime
340 1392 445 1425 mee
471 1384 519 1425 et
554 1376 716 1424 anime
750 1376 879 1424 bone
914 1373 1148 1423 memorie
1184 1371 1538 1437 Ermengardis
1571 1372 1671 1420 filie
1707 1372 1894 1420 domini
1928 1373 2025 1421 mei
2060 1374 2198 1439 Regis

162 1466 430 1518 Alexandri
454 1474 502 1515 et
526 1465 877 1515 antecessorum
903 1473 952 1514 et
974 1464 1214 1513 heredum
1237 1479 1456 1510 meorum
1478 1462 1657 1511 dedisse
1677 1471 1726 1512 et
1746 1463 2018 1512 concessisse
2038 1472 2087 1513 et
2105 1465 2198 1514 hac

163 1567 296 1609 carta
315 1576 424 1608 mea
448 1557 746 1607 confirmasse
770 1557 883 1606 Deo
908 1565 957 1606 et
982 1557 1182 1606 ecclesie
1211 1553 1378 1604 Sanffi
1405 1554 1596 1604 Thome
1622 1555 1837 1604 martiris
1862 1556 1923 1604 de
1948 1556 2199 1607 Aberbro-

162 1651 273 1701 thoc
295 1658 344 1701 et
365 1649 615 1698 monachis
639 1650 818 1698 ibidem
845 1649 957 1698 Deo
976 1647 1300 1697 seruientibus
1327 1654 1376 1695 et
1401 1647 1653 1696 seruituris
1677 1647 1728 1696 in
1753 1665 1927 1712 puram
1954 1656 2002 1698 et
2025 1667 2198 1715 perpe-

163 1751 292 1792 tuam
319 1740 626 1791 elemosinam
662 1740 861 1806 singulis
897 1740 1040 1789 annis
1075 1740 1140 1788 ad
1172 1738 1414 1787 luminare
1449 1739 1667 1804 predicte
1704 1740 1905 1790 ecclesie
1941 1742 2002 1790 de
2036 1760 2115 1792 me
2152 1751 2201 1793 et

162 1833 416 1883 heredibus
441 1832 559 1881 meis
583 1832 836 1880 dimidiam
858 1839 1049 1896 petram
1087 1848 1199 1880 cere
1224 1832 1288 1879 ad
1323 1831 1575 1880 nundinas
1591 1832 1652 1881 de
1685 1832 1893 1880 Monros
1924 1834 2200 1899 percipien-

163 1923 271 1973 dam
292 1940 380 1989 per
401 1941 599 1972 manum
622 1922 854 1988 propositi
879 1923 976 1971 mei
1002 1922 1087 1987 qui
1119 1939 1210 1987 pro
1246 1930 1467 1987 tempore
1505 1922 1655 1971 fuerit
1692 1922 1742 1970 in
1780 1923 1900 1972 uilla
1934 1924 2200 1974 Laurencii

165 2031 306 2079 quam
328 2014 446 2063 mihi
469 2015 603 2064 dedit
627 2014 852 2063 dominus
877 2030 1013 2062 meus
1039 2013 1276 2062 Valterus
1301 2031 1463 2063 comes
1489 2015 1550 2062 de
1576 2014 1835 2063 Meneteth
1861 2043 1871 2054 ·
1901 2014 2070 2073 Quare
2086 2017 2200 2066 uolo

166 2114 219 2156 ut
239 2106 440 2171 prediffi
464 2105 690 2155 monachi
712 2105 983 2170 predi&am
1008 2105 1261 2154 dimidiam
1285 2114 1479 2170 petram
1503 2123 1616 2155 cere
1642 2107 1703 2154 de
1740 2123 1817 2154 me
1854 2114 1903 2155 et
1937 2105 2200 2157 heredibus

166 2196 282 2246 meis
304 2197 356 2246 in
379 2198 566 2262 prefato
590 2197 699 2246 loco
724 2196 845 2246 ficut
868 2197 1197 2261 supradifitum
1222 2196 1292 2245 est
1315 2197 1470 2246 libere
1496 2204 1545 2246 et
1570 2197 1734 2261 quiete
1759 2205 1964 2247 teneant
1988 2206 2038 2249 et
2062 2198 2202 2264 poffi-

169 2288 313 2337 deant
337 2287 454 2337 sicut
477 2288 688 2353 aliquam
712 2287 1020 2337 elemosinam
1045 2288 1096 2336 in
1120 2296 1224 2338 toto
1249 2306 1404 2354 regno
1433 2289 1607 2339 Scocie
1643 2290 1704 2338 ab
1730 2290 1895 2353 aliquo
1920 2290 2123 2340 liberius
2151 2299 2202 2340 et

170 2378 384 2443 ‘quiecius
405 2387 572 2428 tenent
596 2388 644 2429 et
667 2380 907 2445 pofiident
943 2411 954 2422 ·
994 2380 1106 2429 Hiis
1130 2380 1333 2430 testibus
1368 2381 1567 2429 domino
1606 2381 1828 2430 Henrico
1865 2383 1926 2431 de
1965 2382 2202 2432 Striuelin

171 2467 269 2516 filio
303 2469 487 2519 comitis
519 2470 685 2520 Dauid
720 2498 731 2509 ·
766 2471 1013 2520 Michaele
1049 2472 1110 2520 de
1150 2471 1369 2522 Stratum
1406 2500 1416 2512 ·
1472 2471 1735 2537 Nycholao
1771 2474 1832 2522 de
1874 2473 2165 2538 Inuerpefer
2190 2503 2200 2514 ·

175 2557 384 2624 Rogerio
407 2560 467 2609 de
490 2559 752 2611 Balkathin
776 2590 788 2602 ·
814 2562 1030 2628 Hugone
1055 2562 1318 2612 Marscallo
1344 2571 1394 2613 et
1416 2564 1583 2612 multis
1608 2564 1716 2612 aliis
1740 2591 1750 2601 ·

180 2802 500 2892 Fothnewyn
524 2856 535 2867 ·
563 2826 712 2878 Carta
729 2829 1004 2881 Alexandri
1028 2833 1219 2883 comitis
1243 2834 1304 2897 de
1330 2834 1536 2883 Buchan
1556 2863 1566 2874 ·
1587 2835 1648 2884 de
1668 2851 1766 2883 vna
1788 2850 1956 2883 marca
1978 2835 2171 2900 argenti
2191 2863 2202 2874 ·

31 2994 135 3061 ¹10]
181 2983 436 3057 Omnibus
473 3007 651 3058 Christi
683 3011 904 3062 fidelibus
938 3016 1138 3079 presens
1168 3016 1401 3081 scriptum
1426 3016 1598 3064 visuris
1632 3017 1711 3065 uel
1747 3016 1989 3065 audituris
2016 3048 2026 3059 ·
2053 3017 2204 3066 Alex-

179 3097 331 3145 ander
354 3114 513 3148 comes
535 3100 596 3149 de
619 3100 832 3153 chhan
856 3112 1078 3155 eternam
1100 3106 1153 3155 in
1172 3106 1390 3156 Domino
1414 3106 1617 3156 salutem
1641 3136 1652 3147 ·
1679 3107 1732 3155 N
1733 3108 1896 3156 ouerit
1916 3108 2204 3157 vniversitas

178 3186 336 3237 uestra
356 3205 432 3237 me
454 3204 544 3253 pro
568 3190 718 3242 salute
752 3194 913 3245 anime
935 3213 1044 3246 mee
1069 3204 1118 3246 et
1142 3198 1359 3247 omnium
1395 3197 1748 3247 antecessorum
1783 3216 2004 3248 meorum
2031 3208 2080 3249 et
2103 3203 2205 3249 suc-

1135 3292 1221 3338 21,
