2554 3900
616 406 1039 479 REGISTRUM
1072 406 1169 456 DE
1205 405 1763 458 ABERBROTHOC.
2102 414 2198 466 273

162 544 373 592 nostrum
403 540 627 590 duximus
662 539 1009 604 apponendum
1033 565 1043 575 ·
1079 537 1266 586 Datum
1291 539 1422 602 apud
1445 539 1705 603 fflunymel
1729 539 1807 588 die
1838 539 2031 588 veneris
2054 557 2195 604 prox-

160 635 256 683 ima
291 633 397 698 post
432 631 606 681 festum
647 629 815 703 Sanffl
854 628 1044 677 Mathei
1082 628 1286 692 apostoli
1335 636 1383 678 et
1424 629 1756 692 euuangeliste
1797 658 1807 668 -
1844 630 1994 679 Anno
2028 633 2194 696 gracie

160 722 405 773 millesimo
429 721 758 771 ducentesimo
783 719 1073 786 oaogefimo
1098 721 1254 770 tercio
1278 748 1287 758 ·

158 973 492 1047 Confirmatio
518 991 737 1056 Capituli
764 991 929 1041 Sanffi
956 991 1160 1041 Andree
1185 993 1246 1041 de
1270 993 1542 1057 prescripta
1565 992 1767 1043 ecclefia
1791 1023 1801 1033 ·

21 1174 115 1241 317]
159 1153 430 1226 Vniuersis
462 1174 623 1223 fauste
658 1174 829 1222 matris
864 1173 1065 1223 ecclesie
1099 1174 1212 1222 filiis
1248 1175 1311 1222 ad
1343 1190 1464 1238 quos
1488 1174 1736 1238 presentes
1763 1174 1927 1222 littere
1951 1190 2188 1238 peruene-

158 1266 256 1315 rint
287 1265 540 1314 Johannes
574 1263 674 1313 Dei
703 1264 867 1329 gratia
889 1264 1035 1312 Prior
1073 1264 1424 1314 Sanfflandree
1460 1273 1509 1313 et
1544 1265 1759 1313 eiusdem
1786 1265 1883 1313 loci
1914 1273 2187 1313 conuentus

160 1355 372 1407 Salutem
404 1355 458 1403 in
481 1354 699 1402 Domino
729 1355 1074 1419 sempiternam
1099 1383 1109 1393 -
1147 1357 1360 1406 Nouerit
1394 1355 1682 1404 vniuersitas
1717 1355 1878 1404 uestra
1913 1356 2045 1418 quod
2077 1371 2188 1403 cum

157 1443 443 1496 venerabilis
465 1451 607 1509 pater
631 1445 857 1493 dominus
877 1445 1158 1495 Willelmus
1176 1447 1276 1496 Dei
1300 1448 1635 1512 prouidencia'
1651 1446 1819 1497 saneti
1839 1446 2043 1495 Andree
2069 1446 2188 1510 epis-

159 1555 303 1604 copus
338 1536 630 1586 consenserit
664 1537 921 1586 donationi
958 1537 1083 1586 fafite
1118 1538 1239 1587 iuris
1274 1538 1511 1603 religiosis
1546 1539 1711 1587 abbati
1747 1545 1795 1586 et
1831 1538 2098 1586 conuentui
2127 1538 2189 1585 de

158 1629 374 1680 Arbroth
391 1645 480 1693 per
499 1628 765 1694 Hugonem
782 1628 1030 1678 Blundum
1050 1630 1303 1678 dominum
1323 1631 1384 1678 de
1403 1631 1785 1680 Aberbuthenot
1809 1630 1871 1677 de
1893 1646 1990 1677 vna
2006 1629 2189 1677 bouata

158 1730 284 1772 terre
307 1721 358 1769 in
382 1727 662 1769 tenemento
686 1721 748 1769 de
776 1720 1013 1770 Garuoch
1039 1738 1151 1770 cum
1175 1721 1283 1770 iure
1306 1729 1597 1786 patronatus
1621 1720 1840 1770 Ecclesie
1864 1722 1926 1770 de
1953 1720 2187 1770 Garuoch

93 1811 96 1815 ’
159 1819 206 1860 et
226 1812 368 1876 ipsius
397 1810 711 1859 donationem
747 1812 1040 1861 auaoritate
1074 1811 1347 1876 pontificali
1382 1813 1750 1862 confirmauerit
1783 1829 1875 1860 nec
1909 1828 2009 1859 non
2042 1809 2189 1875 ipsius

159 1901 351 1951 ecclesie
384 1902 649 1966 garbarum
689 1902 905 1950 decimas
943 1903 995 1950 in
1038 1903 1149 1951 usus
1186 1903 1414 1967 proprios
1450 1902 1598 1968 ipsius
1636 1902 1918 1952 monasterii
1954 1903 2014 1950 de
2040 1901 2187 1952 Abire

157 1977 356 2041 brothoc
389 1992 542 2041 libere
578 1993 880 2042 conuerterit
915 2011 974 2042 ac
1011 1994 1270 2043 caritatiue
1296 1994 1580 2043 concesserit
1603 2022 1613 2031 ·
1652 1993 1802 2043 Salua
1823 1993 1910 2042 fibi
1936 1999 1985 2041 et
2008 1992 2187 2040 succes-

162 2083 342 2132 soribus
365 2083 460 2132 suis
492 2091 732 2148 perpetua
768 2084 1030 2134 collatione
1065 2085 1259 2151 integre
1286 2087 1470 2135 vicarie
1505 2086 1705 2135 ecclesie
1728 2084 2068 2150 prenominate
2093 2100 2190 2131 vna

162 2190 268 2223 cum
289 2173 467 2223 bouata
489 2181 621 2223 terre
644 2191 734 2239 per
752 2175 933 2224 di&um
953 2175 1220 2241 Hugonem
1240 2177 1487 2226 Blundum
1515 2178 1675 2226 eidem
1700 2176 1900 2225 ecclesie
1926 2174 2158 2238 aflignate
2177 2202 2187 2211 -

163 2263 226 2313 Et
247 2264 352 2313 aliis
380 2265 686 2331 aysiamentis
716 2266 1078 2330 pertinentibus
1115 2269 1179 2316 ad
1216 2270 1423 2317 eandem
1447 2295 1458 2306 ·
1495 2268 1602 2316 Nos
1625 2268 1778 2333 igitur
1801 2266 2046 2331 predifflzs
2074 2283 2186 2314 con-

162 2355 479 2404 firmationem
526 2364 575 2406 et
603 2348 607 2353 ¹
632 2357 987 2407 concessionem
1045 2360 1223 2423 prefati
1282 2359 1470 2408 domini
1515 2359 1746 2424 Episcopi
1792 2336 2091 2407 ratificantes
2138 2364 2187 2404 et

163 2445 496 2511 inperpetuum
519 2455 651 2497 ratas
674 2466 965 2514 permanere
990 2450 1213 2499 uolentes
1246 2450 1416 2499 habito
1444 2450 1587 2514 super
1610 2449 1704 2498 hiis
1728 2452 1938 2498 tra&atu
1962 2446 2187 2512 diligenti

165 2537 224 2585 de
244 2539 481 2588 communi
507 2540 737 2589 consensu
773 2541 975 2605 capituli
1011 2542 1164 2591 nostri
1192 2529 1319 2606 ipsas
1344 2542 1572 2590 duximus
1596 2541 1955 2590 confirmandas
1978 2539 2186 2587 Promit-

166 2629 309 2678 tendo
351 2646 439 2694 pro
483 2631 624 2680 nobis
672 2640 722 2681 et
767 2631 1112 2682 successoribus
1169 2634 1346 2682 nostris
1402 2634 1619 2697 prefatos
1664 2632 1914 2696 religiosos
1960 2631 2011 2678 in
2059 2630 2185 2678 diae.

167 2718 463 2770 ordinatione
487 2730 535 2771 et
560 2722 864 2773 conceflione
888 2724 1169 2773 nullatenus
1192 2725 1468 2789 inquietare
1487 2753 1498 2763 ·
1525 2724 1585 2773 In
1605 2724 1743 2773 cuius
1766 2723 1839 2771 rei
1858 2722 2185 2771 testimonium

163 2795 402 2874 presentes
456 2813 645 2863 litteras
709 2814 882 2880 sigillo
939 2816 1106 2864 nostro
1159 2816 1450 2865 communiri
1499 2815 1747 2864 autentico
1793 2813 2132 2862 roborauimus
2175 2840 2185 2850 ·

163 2898 344 2950 Datum
366 2904 496 2967 apud
522 2902 988 2954 Sanfflmmandream
1017 2906 1069 2954 in
1093 2907 1214 2956 festo
1239 2908 1381 2956 Beati
1406 2906 1664 2955 Michaelis
1689 2904 1972 2968 archangeli
1997 2933 2007 2943 ·
2034 2904 2186 2951 Anno

163 2992 324 3055 gracie
346 2994 596 3044 millesimo
621 2996 951 3046 ducentesimo
976 2992 1300 3063 ofituagesimo
1325 2998 1480 3046 tercio
1505 3026 1514 3035 ·

1119 3244 1212 3287 2Μ
