2554 3900
341 414 437 458 3⁶20
774 408 1197 458 REGISTRUM
1230 407 1326 456 DE
1361 406 1916 457 ABERBROTHOC.

290 607 294 611 .
343 541 406 588 ad
446 541 621 588 festum
660 540 933 588 natiuitatis
958 539 1106 588 sancti
1130 539 1165 587 J
1168 538 1375 588 ohannis
1399 538 1605 602 baptiste
1631 546 1680 587 et
1704 538 1850 587 aliam
1874 539 2188 588 medietatem
2212 541 2274 588 ad
2298 541 2385 589 fes-

343 639 447 679 tum
471 631 835 694 purificacionis
858 632 1001 679 beate
1034 630 1195 679 Marie
1221 657 1230 668 ·
1258 628 1310 678 Si
1334 635 1498 676 tamen
1524 629 1778 693 contingat
1801 630 2075 693 predictum
2098 631 2383 695 magistrum

347 722 627 771 Gilbertum
675 720 903 768 studendi
956 721 1118 784 gratia
1154 720 1235 768 vel
1275 736 1568 783 quacunque
1607 720 1751 768 causa
1786 728 1925 768 extra
1961 737 2168 784 regnum
2213 720 2384 771 Scocie

345 812 596 861 transferri
638 839 648 848 ·
690 819 875 875 quanto
917 819 1138 874 tempore
1179 811 1232 858 in
1276 809 1452 860 Scocia
1484 826 1584 856 non
1620 810 1771 859 fuerit
1806 811 1870 858 ad
1901 811 2387 875 predi&e³penfionis

345 902 646 950 solucionem
679 917 781 948 non
817 900 1093 948 tenebimur
1118 928 1128 938 ·
1158 898 1211 948 Si
1234 916 1352 948 vero
1378 900 1572 948 eveniat
1597 902 1729 964 quod
1753 901 1871 950 velit
1898 901 2038 950 Deus
2064 911 2384 951 memoratum

324 991 632 1057 ‘magistrum
659 991 938 1040 Gilbertum
972 991 1034 1038 ad
1072 990 1261 1054 apicem
1297 990 1553 1055 dignitatis
1589 990 1876 1055 episcopalis
1907 993 2192 1056 promoueri
2216 1022 2225 1032 -
2252 994 2386 1042 volu-

352 1101 455 1131 mus
489 1083 621 1146 quod
645 1089 826 1130 extunc
849 1081 1067 1145 predicte
1093 1081 1308 1144 quinque
1341 1097 1508 1128 marce
1545 1081 1609 1129 ad
1641 1098 1732 1129 nos
1766 1082 1988 1145 plenarie
2025 1084 2353 1134 deuoluantur
2380 1113 2389 1121 ·

348 1175 410 1222 In
436 1173 575 1221 cuius
599 1173 673 1220 rei
696 1171 1028 1221 testimonium
1054 1188 1311 1219 commune
1336 1169 1544 1234 figillum
1571 1172 1773 1235 capituli
1798 1172 1952 1221 nostri
1976 1175 2282 1238 presentibus
2307 1193 2388 1240 ap-

348 1264 596 1328 posuimus
626 1292 636 1302 ·
673 1263 861 1312 Datum
893 1263 946 1310 in
980 1263 1152 1311 eodem
1182 1262 1397 1326 capitulo
1432 1262 1598 1310 nostro
1634 1263 1714 1310 die
1750 1263 1998 1313 dominica
2028 1266 2254 1329 proxima
2283 1267 2389 1330 post

349 1355 522 1403 festum
548 1353 951 1403 annunciacionis
977 1352 1221 1401 dominice
1247 1369 1377 1401 anno
1402 1353 1569 1417 gracie
1601 1353 1855 1402 millesimo
1892 1355 2232 1405 trecentefimo
2262 1358 2389 1406 vice-

351 1446 468 1493 fimo
493 1461 625 1494 nono
653 1474 662 1483 -

351 1694 599 1767 Secunda
623 1713 893 1762 conuencio
920 1713 1031 1760 cum
1055 1711 1289 1777 magistro
1317 1712 1546 1762 Gilberto
1569 1714 1814 1780 Flemyng
1839 1742 1848 1752 -

166 1880 306 1946 [363]
351 1875 627 1947 Uniuerfis
662 1895 821 1943 sancte
858 1893 1027 1942 matris
1064 1901 1177 1942 etc·
1203 1893 1369 1941 omnia
1403 1901 1457 1942 ut
1490 1894 1543 1941 in
1578 1895 1733 1958 priori
1771 1895 2108 1945 conuencione
2137 1922 2148 1933 ·
2172 1897 2388 1960 exceptis
2480 1944 2508 1966 ζ

349 1988 478 2051 quod
504 1994 720 2035 mutatur
742 1985 909 2050 penfio
934 1985 998 2033 ad
1021 1985 1191 2033 decem
1215 2002 1406 2034 marcas
1431 2002 1460 2033 a
1484 1986 1700 2050 quinque
1724 1987 1904 2035 marcis
1929 1994 1978 2036 et
2002 1988 2131 2051 quod
2164 1994 2388 2036 tenemur
2480 1980 2521 2047 ξ

347 2079 433 2127 fibi
471 2077 764 2142 respondere
804 2078 865 2139 de
902 2075 1134 2141 penfione
1173 2075 1272 2124 fiue
1313 2076 1446 2124 infra
1481 2092 1692 2141 regnum
1723 2077 1887 2126 'scocie
1924 2078 2074 2127 fuerit
2111 2077 2209 2127 flue
2251 2085 2389 2127 extra

349 2187 556 2235 regnum
581 2197 591 2207 ·

351 2737 523 2830 Cal-ta
544 2776 790 2841 hostflagii
815 2776 876 2824 de
902 2775 1196 2841 Edinburgh
1221 2804 1232 2815 .

168 2951 308 3017 [364]
354 2939 614 3011 Omnibus
647 2959 735 3008 has
769 2958 960 3008 litteras
984 2957 1157 3006 visuris
1181 2957 1260 3006 vel
1295 2957 1534 3006 audituris
1560 2988 1570 2998 -
1607 2956 1898 3021 Radulphus
1921 2956 2022 3006 Dei
2045 2957 2216 3021 gracia
2238 2957 2384 3005 abbas
2471 2927 2554 2987 ³⁴⁸¹

356 3050 519 3100 Sancti
545 3050 736 3098 Thome
760 3049 976 3097 martiris
1001 3049 1061 3096 de
1089 3047 1425 3097 Abirbrothoc
1450 3055 1499 3096 et
1523 3047 1735 3097 eiusdem
1764 3047 1863 3096 loci
1888 3054 2160 3097 conuentus
2183 3047 2382 3095 salutem
2540 3043 2548 3103 ξ

350 3143 403 3190 in
427 3141 644 3211 Domino
670 3167 680 3178 ·
705 3139 917 3188 Nouerit
944 3139 1232 3189 vniuerfitas
1256 3139 1418 3188 vestra
1441 3137 1735 3187 nosdedifi'e
1765 3136 2035 3187 concefliffe
2061 3144 2110 3187 et
2131 3137 2224 3186 hac
2251 3143 2385 3185 carta
