2554 3900
391 414 487 466 276
835 412 1256 463 REGISTRUM
1289 412 1386 461 DE
1421 410 1972 461 ABERBROTHOC.

391 614 564 687 Carta
585 636 826 700 hostilagij
853 635 1008 683 nostri
1030 636 1084 683 in
1110 634 1401 698 Streweling
1424 661 1434 671 ·

207 805 347 870 [321]
392 794 601 867 Notum
635 815 693 864 fit
727 815 950 863 omnibus
985 813 1209 862 fidelibus
1244 814 1440 876 presens
1475 814 1708 877 scriptum
1734 812 1905 862 visuris
1931 813 2010 860 vel
2034 806 2272 860 audituris
2297 812 2427 874 quod
2491 852 2494 854 .

391 925 485 977 nos¹
503 908 655 970 frater
678 905 732 954 N
731 905 967 970 ycholaus
990 902 1297 968 Permiffione
1321 904 1492 951 diuina
1516 904 1664 952 abbas
1689 903 1750 951 de
1775 902 2122 951 Aberbrothoc
2147 910 2195 950 et
2214 901 2427 949 eiusdem
2503 938 2512 945 .

391 998 487 1046 1001
522 1003 793 1045 conuentus
828 995 889 1043 de
925 993 1142 1058 expresso
1179 993 1410 1042 consensu
1446 993 1603 1041 tocius
1640 993 1841 1056 capituli
1877 992 2030 1040 nostri
2060 993 2231 1039 damus
2257 1008 2428 1039 conce-

392 1088 550 1136 dimus
588 1094 637 1135 et
673 1085 887 1150 presenti
928 1091 1065 1132 carta
1110 1083 1277 1131 nostra
1316 1083 1659 1131 confirmamus
1700 1083 1921 1131 Ricardo
1965 1082 2067 1130 filio
2104 1081 2307 1131 Cristini
2341 1081 2425 1144 filij

391 1178 631 1227 Lochlani
656 1184 704 1225 et
727 1176 991 1224 heredibus
1015 1175 1109 1223 suis
1134 1191 1301 1222 omnes
1326 1181 1482 1222 terras
1506 1173 1694 1221 nostras
1718 1190 1840 1237 quas
1863 1173 2098 1221 habemus
2122 1173 2175 1220 in
2192 1174 2351 1236 burgo
2368 1173 2427 1220 de
2495 1177 2519 1210 ἐ-
2549 1160 2551 1167 ’

394 1269 650 1319 Strewelin
673 1268 892 1316 iacentes
914 1266 1045 1314 inter
1063 1273 1246 1313 terram
1265 1264 1621 1330 Religiosorum
1642 1262 1872 1312 virorum'
1885 1264 2073 1312 abbatis
2093 1270 2141 1312 et
2158 1270 2449 1317 conuentusa
2514 1279 2519 1283 ⁴

391 1363 451 1409 de
492 1359 669 1409 Culros
710 1375 770 1407 ex
809 1364 949 1422 parte
991 1356 1191 1404 australi
1229 1373 1289 1404 ex
1324 1362 1465 1420 parte
1504 1372 1601 1403 vna
1627 1380 1637 1390 ·
1663 1362 1711 1403 et
1748 1362 1932 1403 terram
1971 1353 2146 1403 8311ἃο
2182 1354 2343 1402 Marie
2368 1355 2428 1402 de
2496 1408 2499 1412 ,
2547 1341 2549 1387 3

396 1451 639 1500 Strevelin
663 1466 810 1513 quam
834 1448 965 1497 idem
989 1447 1234 1496 Ricardus
1270 1454 1404 1495 tenet
1429 1447 1492 1495 ad
1515 1447 1706 1494 firmam
1742 1463 1801 1494 ex
1830 1453 1971 1510 parte
1994 1446 2183 1494 boreali
2207 1463 2266 1493 ex
2289 1454 2428 1510 parte
2493 1437 2521 1446 ⁴

391 1542 547 1590 altera
572 1570 582 1580 ·
611 1558 732 1604 quas
756 1540 791 1588 J
794 1539 1012 1586 ohannes
1038 1538 1099 1585 de
1124 1537 1314 1585 Drilaw
1340 1539 1401 1586 de
1424 1538 1566 1586 nobis
1595 1537 1702 1586 iure
1727 1537 1887 1586 tenuit
1909 1537 2211 1585 hereditario
2237 1544 2285 1585 et
2310 1529 2429 1600 quas
2502 1604 2504 1606 ³

391 1632 668 1691 Willelmus
694 1631 820 1678 filius
845 1637 894 1678 et
922 1629 1064 1677 heres
1100 1628 1315 1677 eiusdem
1350 1630 1597 1692 quondam
1621 1629 1656 1677 J
1659 1628 1866 1676 ohannis
1900 1645 1991 1692 pro
2017 1628 2208 1676 (101οἂ11
2236 1627 2426 1691 seruicij
2500 1623 2502 1625 ’

389 1725 529 1772 nobis
563 1723 679 1771 inde
714 1721 866 1770 debiti
900 1738 990 1785 per
1024 1720 1204 1767 fustum
1235 1727 1284 1768 et
1318 1721 1547 1769 baculum
1584 1721 1636 1767 in
1673 1720 1821 1783 pleno
1858 1719 2074 1783 capitulo
2107 1718 2272 1766 nostro
2299 1719 2429 1782 apud
2545 1714 2546 1721 ¹

388 1814 734 1863 Aberbrothoc
758 1813 940 1860 sursum
963 1811 1181 1860 reddidit
1216 1829 1274 1859 ac
1305 1829 1395 1876 pro
1420 1812 1468 1859 se
1494 1819 1542 1859 et
1566 1811 1830 1858 heredibus
1856 1810 1954 1858 suis
1975 1809 2243 1873 refignauit
2266 1809 2428 1873 inper-
2488 1837 2498 1864 ς
2519 1814 2521 1818 ’

387 1912 588 1969 petuum
636 1933 646 1943 ·
696 1903 959 1951 Tenendas
1007 1910 1055 1950 et
1100 1902 1351 1950 habendas
1398 1902 1529 1950 dieto
1576 1901 1794 1983 Ricardo
1824 1909 1890 1949 'et
1937 1901 2201 1956 heredibus
2241 1901 2336 1948 suis
2376 1901 2427 1948 in

387 1997 594 2044 liberum
625 1994 918 2059 burgagium
952 1995 1012 2041 de
1050 1994 1192 2042 nobis
1230 2000 1279 2042 et
1316 1991 1661 2041 succefforibus
1686 1991 1874 2062 *nostris
1909 2007 2032 2039 011111·
2053 1992 2276 2040 omnibus
2302 2008 2428 2040 com-

388 2086 702 2135 moditatibus
749 2085 1043 2133 aifiamentis
1091 2093 1140 2134 et
1176 2084 1321 2133 ,iustis
1366 2083 1686 2148 pertinencijs
1731 2082 1826 2129 suis
1873 2082 2008 2129 salua
2052 2081 2198 2141 nobis„
2238 2081 2429 2130 iusticia
2474 2071 2478 2074 ἡ

388 2177 677 2242 Regalitatis
702 2184 750 2224 et
774 2177 882 2240 alijs
917 2176 1111 2240 placitis
1148 2175 1326 2223 nostris
1361 2175 1412 2222 in
1445 2174 1586 2222 diffis
1619 2174 1764 2222 terris
1801 2191 1910 2221 cum
1938 2173 2237 2221 voluerimus
2262 2181 2428 2221 tenen-
2493 2153 2499 2159 ι

388 2270 463 2317 dis
487 2296 497 2306 ·
521 2269 793 2317 Reddendo
830 2268 946 2315 inde
981 2268 1123 2315 nobis
1162 2275 1210 2315 et
1239 2265 1583 2315 successoribus
1618 2265 1794 2312 nostris
1825 2265 1982 2312 difitus
2007 2291 2018 2302 ·
2043 2264 2090 2312 R
2114 2293 2123 2302 ·
2152 2272 2200 2312 et
2224 2265 2428 2332 heredes
2491 2244 2494 2248 ,

386 2360 458 2425 sui
482 2367 690 2423 quatuor
713 2359 890 2406 solidos
915 2366 963 2407 et
987 2360 1067 2406 sex
1093 2359 1322 2407 denarios
1352 2357 1547 2421 argenti
1572 2357 1636 2404 ad
1659 2357 1780 2404 duos
1806 2356 1924 2403 311111
1954 2355 2190 2404 terminos
2215 2382 2224 2392 ·
2248 2355 2426 2403 medie·
2484 2406 2485 2409 ,
2540 2398 2541 2412 ἶ

390 2458 540 2498 tatem
579 2450 811 2498 videlicet
848 2450 912 2497 ad
947 2449 1120 2498 festum
1156 2449 1496 2514 penthecostes
1535 2436 1584 2496 et
1622 2448 1768 2496 aliam
1805 2447 2119 2496 medietatem
2156 2448 2219 2496 ad
2256 2447 2427 2496 festum

395 2539 563 2588 Sancti
587 2539 797 2587 Martini
819 2539 870 2586 111
907 2539 1084 2603 hyeme
1110 2569 1119 2578 -
1158 2547 1207 2587 et
1236 2539 1545 2588 ·inueniendo
1586 2539 1751 2588 abbati
1775 2540 1836 2587 de
1860 2538 2208 2609 Aberbrothoc
2232 2540 2316 2603 qui
2338 2556 2428 2603 pro

389 2640 608 2695 tempore
633 2630 781 2678 fuerit
806 2638 854 2678 et
880 2630 983 2678 eius
1016 2631 1270 2679 monachis
1306 2638 1355 2679 et
1391 2630 1636 2679 conuerfis
1673 2638 1722 2679 et
1758 2630 1950 2679 clericis
1985 2631 2179 2695 balliuis
2209 2639 2258 2679 et
2280 2639 2428 2689 attor-

390 2722 517 2771 natis
555 2722 824 2769 eorundem
862 2722 1170 2770 venientibus
1206 2739 1297 2786 pro
1338 2722 1560 2786 negocijs
1598 2730 1647 2771 et
1689 2720 1842 2770 caufis
1877 2722 2156 2785 monasterij
2197 2723 2428 2785 quociens
2475 2712 2486 2718 μ
2537 2722 2538 2727 ’

392 2812 683 2861 aduenerint
724 2812 924 2876 singulis
965 2813 1226 2861 secundum
1271 2813 1447 2861 statum
1495 2813 1631 2860 suum
1673 2830 1783 2861 cum
1824 2812 2011 2860 familia
2050 2813 2136 2860 sua
2175 2811 2428 2861 honestum
2486 2825 2490 2831 ·

391 2903 659 2966 hospicium
683 2903 843 2951 aulam
868 2903 920 2951 in
945 2920 1042 2967 qua
1064 2902 1263 2951 honeste
1286 2911 1519 2967 poterunt
1544 2905 1800 2953 comedere
1827 2922 1937 2952 cum
1956 2902 2130 2952 menfis
2149 2911 2199 2952 et
2209 2899 2427 2953 'trestulis

394 3000 442 3040 et
467 2992 574 3055 alijs
609 2993 923 3056 apparatibus
946 3019 958 3031 ·
995 2993 1213 3057 spensam
1249 3011 1360 3053 cum
1395 2996 1655 3044 butellario
1681 3025 1691 3035 ·
1730 3013 1974 3043 cameram
1999 2995 2080 3063 seu
2106 3012 2323 3044 cameras
2347 2995 2427 3043 vbi
2513 3030 2527 3060 .‘

393 3082 594 3130 honeste
631 3084 868 3131 recubare
903 3090 1137 3147 poterunt
1160 3112 1171 3122 ·
1210 3085 1471 3147 coquinam
1508 3086 1763 3134 honestam
1801 3094 1850 3135 et
1891 3081 2131 3134 stabulum
2165 3086 2427 3150 prosequis
2475 3104 2479 3109 ⁴

395 3173 457 3220 ad
490 3189 747 3221 numerum
782 3174 987 3238 triginta
1022 3191 1260 3238 equorum
1293 3182 1341 3224 et
1375 3176 1540 3225 infra·
1581 3177 1846 3226 Inuenient
1875 3177 2030 3226 eciam
2060 3178 2113 3225 in
2138 3177 2426 3227 aduentibus
