2612 3926
1085 388 1396 438 TABULA.
2190 391 2269 438 xxi

217 542 314 584 338.
345 540 509 583 Littera
528 540 811 598 procuratoria
831 539 884 582 ad
904 538 1176 582 assedandam
1197 537 1412 580 ecclesiam
1437 536 1488 578 de
1501 536 1722 592 Invernys.
1785 537 1911 580 1313.
1973 538 2124 593 Beyist.

440 614 467 640 7'
494 647 502 656 .
543 615 558 656 “.
583 616 633 656 11
741 646 750 656 .
928 645 937 654 .
1118 644 1127 653 .
1305 644 1314 654 .
1494 643 1503 652 .
1682 643 1691 651 .
1871 643 1879 652 .
2058 644 2068 652 .
2112 610 2162 653 P.
2185 615 2267 655 292

215 689 314 730 339.
346 614 582 732 Οοῇἒζηζίο
601 645 712 730 iriter
731 686 1026 730 Aberbrothoc
1045 692 1088 728 et
1108 684 1251 727 David
1271 684 1323 727 (16
1343 684 1521 727 Manuel
1542 684 1594 727 de
1624 683 1882 727 assedatione
1912 691 2120 726 terrarum

403 761 454 804 de
475 761 778 818 Dunnechtyn.
843 762 966 804 1315.
1029 760 1181 815 Reyist.
1204 759 1306 815 Niy.
1320 759 1362 816 f.
1387 760 1454 813 11,
1680 791 1690 800 .
1869 790 1878 800 .
2057 791 2066 800 .
2187 763 2269 802 293

215 836 311 878 340.
345 834 474 878 Carta
502 834 719 878 Malcolmi
750 835 802 878 de
831 834 1084 878 Munimusk
1115 848 1234 875 suam
1263 832 1587 875 infeodationem
1618 833 1661 874 111
1692 832 1813 875 terris
1848 832 1900 874 de
1934 832 2120 890 Forglen

400 909 623 952 affirmans.
685 912 810 954 1314.
871 910 1024 966 Reqist.
1045 909 1146 964 Niff.
1158 908 1199 964 f.
1225 909 1291 960 12,
1313 915 1350 950 et
1370 908 1522 964 Reqist.
1545 907 1772 964 136θαίἰὲᾼῖ
1798 910 1837 957 9,
2182 911 2266 952 290

215 984 310 1026 341.
345 982 476 1026 Carta
490 983 620 1042 Regis
635 984 810 1027 Roberti
831 998 955 1042 super
970 990 1149 1041 quatuor
1164 981 1314 1024 marcis
1329 980 1380 1023 de
1396 980 1623 1039 Kyngorn.
1668 982 1794 1024 1315.
1840 982 1995 1036 Reqz'st.
2017 982 2119 1038 Niq.

458 1060 558 1112 6,.
738 1091 748 1101 .
925 1090 935 1100 .
1112 1090 1121 1098 .
1302 1087 1312 1098 .
1491 1087 1500 1096 .
1679 1088 1689 1098 .
1868 1087 1877 1096 .
2056 1087 2065 1097 .
2185 1060 2267 1099 297

215 1133 312 1173 342.
345 1059 626 1175 anveneio·
614 1132 725 1175 inter
754 1132 1030 1175 Malcolmum
1061 1131 1255 1174 comitem
1285 1130 1337 1172 de
1368 1129 1574 1172 Leuenax
1603 1136 1646 1172 et
1675 1129 1869 1172 abbatem
1900 1129 1954 1172 de
1983 1128 2122 1172 Aber-

400 1205 573 1249 brothoc
605 1221 729 1264 super
765 1221 907 1249 annuo
937 1205 1104 1249 redditu
1136 1205 1316 1248 duarum
1348 1217 1584 1246 marcarum
1619 1203 1672 1245 de
1706 1202 1926 1246 Leuenax.
1992 1205 2118 1247 1317.

399 1281 551 1336 Beyist.
573 1281 672 1336 Niq.
686 1282 728 1338 f.
752 1282 819 1334 12,
841 1289 879 1323 et
898 1281 1050 1337 Reqist.
1071 1280 1245 1336 Reyalit.
1257 1279 1299 1336 f.
1323 1279 1391 1332 10,
1486 1310 1497 1320 .
1865 1311 1874 1320 .
2053 1312 2062 1320 .
2182 1282 2265 1323 298

216 1355 312 1397 343.
344 1353 509 1396 Littera
527 1355 675 1398 saisine
695 1355 825 1398 saline
846 1355 897 1398 de
918 1354 956 1398 le
977 1354 1096 1399 Cars.
1158 1354 1285 1396 1317.
1343 1351 1496 1406 Reqist.
1527 1351 1607 1395 Vet.
1619 1353 1662 1406 f.
1676 1309 1726 1400 ·3'
1861 1386 1870 1394 .
2050 1385 2061 1395 .
2181 1356 2263 1397 299

216 1429 314 1470 344.
346 1427 476 1471 Carta
509 1428 714 1472 Bernardi
749 1429 910 1472 abbatis
941 1443 1067 1486 super
1098 1426 1317 1484 hostilagio
1349 1425 1401 1468 de
1433 1425 1576 1468 Peblis
1607 1426 1720 1469 facta
1751 1425 1970 1470 Willelmo
2007 1427 2119 1470 dicto

400 1501 592 1545 Maceon.
655 1504 779 1547 1317.
839 1503 990 1559 Reyist.
1010 1502 1112 1557 Nv’y.
1124 1501 1166 1558 f.
1193 1501 1259 1554 13,
1282 1507 1319 1543 et
1339 1500 1490 1556 Reqist.
1512 1501 1685 1558 Regalit.
1699 1501 1740 1557 f.
1764 1503 1831 1555 11,
2051 1535 2059 1543 .
2180 1507 2264 1546 300

214 1577 312 1618 345.
346 1575 476 1619 Carta
503 1575 710 1633 hostilagii
745 1577 798 1619 de
830 1575 1118 1632 Inverkethyn
1151 1574 1261 1617 facta
1291 1572 1477 1616 Roberto
1515 1574 1681 1617 textori.
1754 1575 1908 1631 Reyi-st.
1946 1575 2048 1631 Νέᾳ.
2073 1578 2115 1633 t

403 1650 471 1704 14,
494 1658 532 1693 et
548 1650 702 1706 Reqist.
722 1651 899 1707 Reqalit.
909 1652 954 1707 f.
977 1651 1046 1704 15,
1109 1682 1120 1692 .
1298 1679 1308 1690 .
2051 1682 2061 1691 .
2181 1655 2260 1694 301

212 1722 307 1764 346.
341 1720 472 1765 Carta
492 1722 696 1766 Bernardi
715 1723 876 1766 abbatis
894 1723 1006 1766 facta
1026 1722 1218 1767 Galfrido
1239 1721 1350 1765 dicto
1371 1679 1698 1779 Clulbydheued
1718 1722 1770 1766 de
1800 1731 2042 1767 tenemento
2073 1725 2116 1767 in

397 1794 586 1854 Cobgate
601 1796 654 1839 ad
669 1795 998 1840 elemosinariam
1014 1804 1240 1854 spectante.
1302 1797 1428 1840 1318
1488 1797 1642 1853 Reyist.
1659 1797 1759 1854 Niq.
1768 1799 1810 1855 f.
1830 1799 1897 1852 12,
1915 1806 1952 1842 et
1966 1800 2118 1854 Reyist.

395 1870 568 1925 Reyalit.
580 1872 622 1927 f.
646 1873 686 1925 9,
731 1903 740 1912 .
919 1903 930 1914 .
1435 1889 1438 1892 “
2052 1907 2062 1916 .
2181 1880 2262 1919 302

210 1945 307 1987 347.
339 1943 582 2002 Resignatio
612 1951 817 1988 terrarum
848 1946 892 1988 in
912 1945 1012 1988 villa
1041 1944 1094 1988 de
1122 1943 1324 1988 Aberden
1353 1960 1476 2003 per
1457 1945 1736 1990 Maleolmum
1766 1948 1818 1991 de
1848 1948 2114 2007 Hadington.

396 2019 520 2062 1320.
582 2020 734 2075 Reqist.
756 2020 857 2077 Niq.
874 2020 916 2078 f.
941 2022 1008 2075 13,
1031 2028 1066 2063 et
1085 2020 1240 2075 Reyist.
1261 2021 1436 2063 Reoalit.
1449 2022 1492 2078 f.
1517 2022 1584 2075 12,
1675 2055 1685 2064 .
1863 2055 1873 2065 .
2052 2057 2061 2066 .
2207 2028 2260 2068 ib.

208 2094 304 2137 348.
337 2092 578 2136 Convencio
598 2093 708 2136 inter
726 2093 993 2137 Bernardum
1013 2093 1210 2137 abbatem
1229 2102 1272 2137 et
1292 2094 1511 2137 dominum
1533 2095 1770 2140 Cristinum
1800 2097 1852 2140 de
1881 2097 1977 2140 Ard
2007 2098 2114 2141 mili-

391 2174 476 2209 tem
508 2182 633 2225 super
663 2168 783 2210 terris
817 2168 869 2211 de
904 2168 943 2211 le
977 2168 1152 2211 Bouch'.
1216 2170 1343 2212 1322.
1403 2169 1556 2225 Reyist.
1592 2171 1693 2226 Niy.
1716 2172 1759 2229 f.
1793 2173 1860 2224 13,
1893 2181 1930 2215 et
1959 2174 2110 2228 Reyist.

392 2241 567 2296 Reqalit.
579 2242 621 2299 f.
646 2243 713 2295 14,
916 2275 926 2284 .
1104 2274 1114 2284 .
1291 2274 1302 2285 .
1480 2276 1489 2286 .
1669 2278 1677 2287 .
1858 2279 1867 2287 .
2048 2281 2056 2289 .
2177 2252 2260 2292 305

205 2316 303 2358 349.
335 2314 502 2358 Littera
520 2315 741 2359 ordinandi
761 2316 976 2359 custodem
997 2316 1146 2359 domus
1161 2325 1302 2359 nostre
1314 2317 1366 2360 de
1382 2317 1520 2374 way
1531 2332 1607 2376 per
1622 2317 1890 2362 Bernardum
1907 2321 2122 2364 abbatem.-

393 2390 518 2433 1323.
580 2391 732 2446 Reqist.
753 2391 856 2446 Niq.
868 2391 910 2448 f.
934 2391 1001 2445 14,
1023 2399 1062 2434 et
1079 2391 1232 2447 Reqist.
1253 2392 1428 2448 Reqalit.
1440 2392 1482 2449 f.
1509 2393 1576 2445 15,
1670 2425 1679 2434 .
1859 2425 1868 2435 .
2048 2428 2056 2436 .
2177 2400 2259 2440 307

205 2463 300 2506 350.
332 2462 498 2505 Littera
509 2463 697 2507 custodie
710 2463 858 2507 domus
870 2471 1010 2508 nostre
1023 2464 1248 2522 derwyn
1261 2480 1337 2523 per
1348 2465 1544 2509 eundem.
1579 2468 1706 2511 1323.
1737 2469 2046 2527 Reyist.N2'9.f.
2065 2471 2130 2523 14,
2205 2474 2257 2514 ib.

205 2538 302 2579 351.
335 2535 466 2580 Carta
486 2537 691 2581 Willelmi
712 2538 764 2581 (16
784 2538 1006 2597 Eglisham
1037 2547 1184 2583 contra
1206 2540 1383 2582 vicarios
1413 2540 1465 2582 de
1494 2539 1687 2583 Arbirlot
1716 2556 1843 2599 penes
1873 2544 2113 2600 pensionem

389 2625 588 2654 annuam.
651 2614 779 2657 1323.
839 2614 992 2669 Reyist.
1015 2614 1116 2670 Νέᾳ.
1129 2615 1170 2672 f.
1194 2616 1264 2658 19.
2171 2623 2253 2662 308

205 2686 302 2726 352.
332 2683 553 2728 Assedatio
572 2693 780 2730 terrarum
793 2686 845 2730 de
862 2686 1142 2745 Spedalfeilde
1153 2687 1264 2731 facta
1279 2648 1516 2746 Reginalcio
1531 2688 1583 2731 de
1599 2688 1864 2732 Dunbradan
1880 2697 1923 2732 et
1934 2690 2112 2749 Hugoni

387 2758 614 2818 Macpeesi.
676 2762 803 2805 1325.
863 2763 1017 2820 Reqist.
1038 2763 1139 2820 Niy.
1153 2763 1195 2820 f.
1219 2763 1287 2816 14,
1309 2770 1345 2805 et
1363 2763 1517 2818 Reqzst.
1539 2763 1713 2818 Beyalit.
1726 2764 1768 2819 f.
1792 2765 1859 2818 16,
1913 2796 1923 2806 .
2042 2798 2052 2808 .
2171 2770 2254 2811 309

204 2833 301 2876 353.
333 2833 581 2892 Recognitio
601 2850 727 2894 super
745 2836 887 2879 divisis
907 2836 960 2880 de
981 2836 1175 2895 Ardlogy
1194 2844 1237 2880 et
1257 2836 1439 2894 Fyvyne
1459 2851 1534 2894 per
1561 2836 1595 2880 J
1597 2836 1806 2880 ohannem
1837 2837 2109 2897 Drimmyng.

391 2909 517 2952 1325.
577 2910 730 2966 Reyist.
761 2910 896 2968 Vetf.
922 2912 1019 2965 136,
1101 2943 1111 2952 .
1289 2942 1300 2952 .
1476 2943 1486 2953 .
1664 2943 1675 2953 .
1851 2943 1863 2954 .
2039 2946 2049 2956 .
2170 2917 2254 2958 310

204 2980 300 3022 354.
333 2979 463 3023 Carta
483 2981 690 3026 Bernardi
710 2983 872 3026 abbatis
892 2984 944 3026 de
966 2984 1185 3042 disciplina
1203 2985 1387 3043 regulari
1407 2985 1611 3028 servanda
1632 3000 1707 3043 per
1727 2986 1941 3029 custodem
1962 2987 2110 3030 domus

387 3062 527 3098 nostre
547 3056 600 3099 de
620 3057 801 3115 wayn.
863 3060 989 3103 1325.
1050 3060 1202 3114 Reyist.
1224 3060 1326 3115 Niq.
1338 3059 1380 3116 f.
1406 3061 1472 3113 14,
1662 3093 1672 3102 .
1849 3093 1859 3102 .
2039 3094 2049 3103 .
2168 3066 2250 3106 312

204 3128 301 3170 355.
335 3127 556 3186 Obligacio
577 3130 792 3189 Radulphi
812 3132 956 3175 vicarii
977 3133 1029 3176 de
1049 3133 1332 3187 Aberkerdor,
1355 3133 1467 3191 quod
1493 3133 1734 3191 pensionem
1755 3143 1849 3178 octo
1872 3150 2107 3179 marcarum
