2554 3900
611 422 1033 474 REGISTRUM
1066 423 1163 472 DE
1198 424 1751 475 ABERBROTHOC.
2099 431 2192 482 297

171 555 373 612 Martini
396 555 447 603 in
471 555 646 620 hyeme
672 563 720 603 et
745 555 920 620 viginti
955 555 1132 604 solidos
1167 557 1230 604 ad
1264 557 1438 605 festum
1473 558 1810 622 penthecostes
1845 586 1855 595 ·
1891 565 1939 606 et
1973 559 2111 607 nobis
2145 569 2193 608 et

170 645 508 698 successoribus
531 644 709 692 nostris
734 662 792 693 ac
816 644 1108 693 monasterio
1132 646 1298 694 nostro
1323 655 1421 696 tam
1447 648 1546 713 ipse
1570 666 1716 713 quam
1750 649 1956 698 heredes
1990 650 2061 697 sui
2096 650 2194 698 suc-

172 736 342 787 oeffiue
364 735 650 801 prestabunt
672 735 921 783 fidelitatis
945 736 1301 786 sacramentum
1337 767 1346 776 ·
1382 739 1443 787 In
1481 740 1617 788 cuius
1641 740 1714 788 rei
1739 741 2066 789 testimonium
2089 758 2195 804 pre·

171 828 291 879 senti
315 834 447 877 carte
471 827 634 875 nostre
660 844 916 875 commune
945 826 1151 892 figillum
1177 829 1379 893 capituli
1404 831 1554 878 nostri
1581 831 1892 880 concorditer
1916 832 1985 879 est
2017 849 2194 896 appen-

168 922 269 970 sum
291 918 410 972 teste
436 918 649 983 capitulo
675 918 839 966 nostro
863 919 1083 982 predi&o
1119 947 1128 956 ·
1165 920 1225 968 In
1251 921 1388 969 cuius
1423 922 1496 970 rei
1531 921 1857 970 testimonium
1893 923 2194 987 presentibus

170 1011 372 1078 {igillum
409 1027 572 1058 meum
609 1009 808 1074 apposui
849 1037 859 1047 ·
901 1010 1087 1058 Datum
1129 1013 1261 1075 apud
1301 1013 1648 1062 Aberbrothoc
1689 1014 1768 1062 die
1803 1015 1934 1078 jouis
1974 1015 2195 1079 proximo

171 1111 282 1154 ante
307 1101 479 1150 festum
505 1101 738 1150 cathedre
767 1101 931 1151 Sancti
956 1102 1093 1151 Petri
1122 1102 1327 1168 apostoli
1357 1108 1490 1153 {nno
1525 1105 1691 1169 gracie
1726 1104 1976 1154 millefimo
2012 1113 2198 1155 trecen-

168 1196 331 1246 tefimo
355 1194 724 1259 quartodecimo
750 1223 760 1233 ·

170 1441 436 1531 Kyngorn
462 1493 472 1503 -
500 1471 636 1514 carta
659 1464 809 1530 Regis
835 1464 1042 1513 Roberti
1067 1465 1127 1513 de
1153 1471 1363 1528 quatuor
1386 1464 1563 1512 marcis
1589 1492 1598 1501 ·

50 1629 130 1698 41]
171 1626 437 1700 Robertus
475 1648 575 1696 Dei
610 1647 774 1713 gratia
803 1647 911 1696 Rex
947 1646 1227 1697 Scottorum
1258 1646 1454 1694 balliuis
1492 1646 1585 1694 suis
1621 1647 1682 1695 de
1717 1646 1962 1712 Kyngorn
1997 1647 2081 1711 qui
2115 1663 2203 1711 pro

171 1747 387 1805 tempore
409 1739 595 1788 fuerint
618 1739 821 1788 salutem
857 1768 867 1778 ·
908 1737 1085 1788 Sciatis
1117 1739 1250 1802 quod
1284 1737 1528 1786 veraciter
1563 1738 1892 1786 intelleximus
1928 1739 2060 1802 quod
2093 1738 2204 1786 reli·

169 1830 288 1898 giofi
323 1809 424 1880 *uiri
462 1831 612 1880 abbas
656 1839 704 1880 et
746 1836 1018 1879 conuentus
1059 1830 1119 1878 de
1160 1827 1508 1877 Aberbrothoc
1548 1828 1804 1893 percipere
1847 1829 2206 1877 consueuerunt

111 1920 114 1925 ’
170 1922 365 1989 lingulis
393 1922 578 1988 [annis]
608 1930 817 1987 quatuor
837 1939 1028 1971 marcas
1061 1919 1254 1986 argenti
1286 1920 1347 1968 de
1379 1919 1531 1967 firmis
1562 1927 1611 1968 et
1638 1920 1912 1970 redditibus
1940 1919 2115 1968 nostris
2145 1920 2204 1968 de

171 2014 412 2082 Kyngorn
435 2032 525 2079 per
549 2032 636 2063 uos
661 2015 791 2063 infra
820 2013 1019 2063 balliam
1056 2013 1266 2062 vestram
1299 2010 1535 2059 leuandas
1571 2012 1634 2060 ad
1669 2011 2031 2060 sustentandum
2066 2011 2206 2059 lumi-

173 2122 289 2155 nare
327 2106 459 2155 circa
493 2107 711 2154 tumbam
749 2107 876 2155 bone
915 2105 1151 2154 memorie
1189 2105 1375 2153 domini
1411 2105 1650 2154 WiUelmi
1688 2105 1840 2171 Regis
1881 2105 2052 2156 Scocie
2088 2122 2207 2170 quas

174 2197 366 2262 quidem
390 2203 601 2261 quatuor
623 2214 814 2246 marcas
847 2196 1090 2262 predictas
1125 2195 1302 2245 eisdem
1337 2196 1575 2262 religiosis
1606 2197 1819 2261 persolui
1848 2197 2071 2246 volumus
2098 2213 2206 2261 per-

173 2296 317 2354 petuo
340 2305 428 2354 per
451 2305 624 2337 manus
648 2288 831 2338 vestras
862 2289 1063 2354 fingulis
1092 2288 1233 2337 annis
1263 2289 1327 2338 ad
1355 2289 1619 2337 terminum
1647 2288 1954 2353 pentecostes
1992 2320 2002 2329 -
2040 2288 2207 2346 Quare
2251 2267 2254 2270 Ι

179 2381 310 2446 vobis
331 2382 617 2430 mandamus
642 2389 691 2430 et
714 2381 917 2430 firmiter
942 2381 1242 2446 precipimus
1266 2380 1494 2445 quatinus
1519 2380 1659 2429 dietis
1684 2381 1850 2430 abbati
1875 2388 1924 2429 et
1943 2379 2208 2429 conuentui

172 2471 236 2521 vde
260 2471 604 2521 Aberbrothoc
628 2473 784 2536 dictas
809 2481 1020 2538 quatuor
1047 2490 1238 2522 marcas
1270 2480 1324 2520 ut
1352 2472 1626 2537 prediaum
1661 2471 1732 2519 est
1763 2471 2071 2536 integraliter
2102 2487 2209 2534 per·

167 2561 370 2637 ⁵soluatis
411 2563 493 2612 seu
532 2563 745 2628 persolui
785 2564 978 2613 faciatis
1019 2564 1272 2613 annuatim
1314 2565 1379 2613 ad
1417 2564 1692 2630 predictum
1733 2564 1996 2613 terminum
2041 2570 2208 2626 pente-

179 2653 329 2704 costes
362 2684 374 2694 ·
410 2654 476 2705 Et
497 2673 587 2704 nos
611 2656 787 2706 dictam
811 2657 1070 2722 pecuniam
1095 2656 1235 2705 uobis
1270 2656 1321 2704 in
1358 2655 1595 2720 compotis
1630 2654 1803 2703 uestris
1837 2654 1979 2702 annis
2013 2652 2210 2717 fingulis

179 2743 408 2795 faciemus
441 2747 634 2812 plenius
670 2747 872 2796 allo‘cari
908 2777 918 2787 -
956 2747 1017 2795 In
1053 2747 1190 2795 cuius
1224 2747 1297 2795 rei
1332 2746 1658 2797 testimonium
1693 2746 1782 2794 has
1818 2745 1985 2793 literas
2022 2743 2210 2791 nostras

178 2842 396 2900 patentes
430 2838 568 2887 uobis
604 2838 929 2887 ostendendas
964 2824 1105 2887 dictis
1139 2836 1376 2903 religiosis
1410 2837 1518 2885 fieri
1551 2836 1756 2885 fecimus
1790 2842 2031 2899 perpetuo
2066 2834 2208 2882 dura-

180 2932 311 2976 turas
346 2956 356 2967 ·
392 2928 578 2979 Datum
603 2930 735 2994 apud
770 2928 1112 2994 Inuerkethyn
1144 2929 1335 2978 decimo
1364 2928 1442 2977 die
1474 2926 1704 2977 O8cobris
1734 2943 1863 2975 anno
1890 2925 2032 2990 regni
2059 2925 2211 2973 nostri

181 3016 366 3068 docimo
392 3047 402 3058 ·

1146 3273 1233 3342 215
