<?xml version="1.0" encoding="UTF-8"?>
<!DOCTYPE html PUBLIC "-//W3C//DTD XHTML 1.0 Transitional//EN"
    "http://www.w3.org/TR/xhtml1/DTD/xhtml1-transitional.dtd">
<html xmlns="http://www.w3.org/1999/xhtml" xml:lang="en" lang="en">
 <head>
  <title>
</title>
<meta http-equiv="Content-Type" content="text/html;charset=utf-8" />
  <meta name='ocr-system' content='tesseract 3.04.00' />
  <meta name='ocr-capabilities' content='ocr_page ocr_carea ocr_par ocr_line ocrx_word'/>
</head>
<body>
  <div class='ocr_page' id='page_1' title='image "./libersthomedea0186arbruoft_0358.png"; bbox 0 0 2554 3900; ppageno 0'>
   <div class='ocr_carea' id='block_1_1' title="bbox 362 392 1949 450">
    <p class='ocr_par' dir='ltr' id='par_1_1' title="bbox 362 392 1949 450">
     <span class='ocr_line' id='line_1_1' title="bbox 362 392 1949 450; baseline -0.003 -5"><span class='ocrx_word' id='word_1_1' title='bbox 362 396 458 450; x_wconf 81' lang='lat'><strong>278</strong></span> <span class='ocrx_word' id='word_1_2' title='bbox 807 393 1228 445; x_wconf 88' lang='lat' dir='ltr'><strong>REGISTRUM</strong></span> <span class='ocrx_word' id='word_1_3' title='bbox 1262 393 1358 443; x_wconf 86' lang='lat' dir='ltr'><strong>DE</strong></span> <span class='ocrx_word' id='word_1_4' title='bbox 1393 392 1949 443; x_wconf 85' lang='lat' dir='ltr'><strong>ABERBROTHOC.</strong></span> 
     </span>
    </p>
   </div>
   <div class='ocr_carea' id='block_1_2' title="bbox 318 524 2474 1132">
    <p class='ocr_par' dir='ltr' id='par_1_2' title="bbox 318 524 2474 1132">
     <span class='ocr_line' id='line_1_2' title="bbox 369 524 2400 591; baseline -0.002 -14"><span class='ocrx_word' id='word_1_5' title='bbox 369 528 638 590; x_wconf 83' lang='lat' dir='ltr'><strong>Camerarij</strong></span> <span class='ocrx_word' id='word_1_6' title='bbox 676 529 923 591; x_wconf 88' lang='lat' dir='ltr'><strong>jacentem</strong></span> <span class='ocrx_word' id='word_1_7' title='bbox 969 527 1021 576; x_wconf 91' lang='lat' dir='ltr'><strong>in</strong></span> <span class='ocrx_word' id='word_1_8' title='bbox 1068 527 1177 576; x_wconf 83' lang='lat' dir='ltr'><strong>vico</strong></span> <span class='ocrx_word' id='word_1_9' title='bbox 1225 527 1286 574; x_wconf 93' lang='lat' dir='ltr'><strong>de</strong></span> <span class='ocrx_word' id='word_1_10' title='bbox 1335 525 1556 590; x_wconf 87' lang='lat' dir='ltr'><strong>Covgate</strong></span> <span class='ocrx_word' id='word_1_11' title='bbox 1604 554 1613 564; x_wconf 88' lang='lat'><strong>·</strong></span> <span class='ocrx_word' id='word_1_12' title='bbox 1659 526 1789 573; x_wconf 89' lang='lat' dir='ltr'><strong>inter</strong></span> <span class='ocrx_word' id='word_1_13' title='bbox 1837 524 2063 572; x_wconf 84' lang='lat' dir='ltr'><strong>solarium</strong></span> <span class='ocrx_word' id='word_1_14' title='bbox 2106 524 2234 587; x_wconf 92' lang='lat' dir='ltr'><strong>quod</strong></span> <span class='ocrx_word' id='word_1_15' title='bbox 2284 525 2400 573; x_wconf 87' lang='lat' dir='ltr'><strong>fecit</strong></span> 
     </span>
     <span class='ocr_line' id='line_1_3' title="bbox 318 614 2401 680; baseline -0.002 -12"><span class='ocrx_word' id='word_1_16' title='bbox 318 657 321 658; x_wconf 13' lang='grc' dir='ltr'><em>γ</em></span> <span class='ocrx_word' id='word_1_17' title='bbox 367 619 532 668; x_wconf 87' lang='lat' dir='ltr'><strong>Adam</strong></span> <span class='ocrx_word' id='word_1_18' title='bbox 565 618 694 668; x_wconf 88' lang='lat' dir='ltr'><strong>filius</strong></span> <span class='ocrx_word' id='word_1_19' title='bbox 730 617 938 668; x_wconf 88' lang='lat' dir='ltr'><strong>Martini</strong></span> <span class='ocrx_word' id='word_1_20' title='bbox 962 634 1022 667; x_wconf 83' lang='lat' dir='ltr'><strong>ex</strong></span> <span class='ocrx_word' id='word_1_21' title='bbox 1047 634 1144 665; x_wconf 89' lang='lat' dir='ltr'><strong>vna</strong></span> <span class='ocrx_word' id='word_1_22' title='bbox 1178 623 1320 680; x_wconf 88' lang='lat' dir='ltr'><strong>parte</strong></span> <span class='ocrx_word' id='word_1_23' title='bbox 1355 623 1403 665; x_wconf 88' lang='lat' dir='ltr'><strong>et</strong></span> <span class='ocrx_word' id='word_1_24' title='bbox 1440 623 1624 664; x_wconf 88' lang='lat' dir='ltr'><strong>terram</strong></span> <span class='ocrx_word' id='word_1_25' title='bbox 1655 615 1916 678; x_wconf 86' lang='lat' dir='ltr'><strong>Laurencij</strong></span> <span class='ocrx_word' id='word_1_26' title='bbox 1948 614 2086 679; x_wconf 91' lang='lat' dir='ltr'><strong>Cryn</strong></span> <span class='ocrx_word' id='word_1_27' title='bbox 2119 631 2180 663; x_wconf 82' lang='lat' dir='ltr'><strong>ex</strong></span> <span class='ocrx_word' id='word_1_28' title='bbox 2212 614 2401 663; x_wconf 87' lang='lat' dir='ltr'><strong>altera·</strong></span> 
     </span>
     <span class='ocr_line' id='line_1_4' title="bbox 370 705 2403 759; baseline -0.001 -1"><span class='ocrx_word' id='word_1_29' title='bbox 370 709 660 758; x_wconf 87' lang='lat' dir='ltr'><strong>Tenendam</strong></span> <span class='ocrx_word' id='word_1_30' title='bbox 696 715 745 759; x_wconf 91' lang='lat' dir='ltr'><strong>et</strong></span> <span class='ocrx_word' id='word_1_31' title='bbox 778 708 1054 757; x_wconf 82' lang='lat' dir='ltr'>habendam</span> <span class='ocrx_word' id='word_1_32' title='bbox 1088 706 1176 756; x_wconf 91' lang='lat' dir='ltr'><strong>fibi</strong></span> <span class='ocrx_word' id='word_1_33' title='bbox 1211 714 1260 756; x_wconf 91' lang='lat' dir='ltr'><strong>et</strong></span> <span class='ocrx_word' id='word_1_34' title='bbox 1293 706 1555 755; x_wconf 87' lang='lat' dir='ltr'><strong>heredibus</strong></span> <span class='ocrx_word' id='word_1_35' title='bbox 1590 707 1685 755; x_wconf 86' lang='lat' dir='ltr'><strong>suis</strong></span> <span class='ocrx_word' id='word_1_36' title='bbox 1711 707 1771 754; x_wconf 91' lang='lat' dir='ltr'><strong>de</strong></span> <span class='ocrx_word' id='word_1_37' title='bbox 1805 705 1947 754; x_wconf 88' lang='lat' dir='ltr'><strong>nobis</strong></span> <span class='ocrx_word' id='word_1_38' title='bbox 1977 713 2026 753; x_wconf 92' lang='lat' dir='ltr'><strong>et</strong></span> <span class='ocrx_word' id='word_1_39' title='bbox 2058 705 2403 755; x_wconf 70' lang='lat' dir='ltr'><strong>successoribus</strong></span> 
     </span>
     <span class='ocr_line' id='line_1_5' title="bbox 371 795 2474 861; baseline -0.002 -12"><span class='ocrx_word' id='word_1_40' title='bbox 371 801 547 849; x_wconf 87' lang='lat' dir='ltr'><strong>nostris</strong></span> <span class='ocrx_word' id='word_1_41' title='bbox 570 801 641 849; x_wconf 86' lang='lat' dir='ltr'><strong>ita</strong></span> <span class='ocrx_word' id='word_1_42' title='bbox 668 799 821 849; x_wconf 86' lang='lat' dir='ltr'><strong>libere</strong></span> <span class='ocrx_word' id='word_1_43' title='bbox 859 805 908 848; x_wconf 83' lang='lat' dir='ltr'><strong>et</strong></span> <span class='ocrx_word' id='word_1_44' title='bbox 943 797 1108 861; x_wconf 90' lang='lat' dir='ltr'><strong>quiete</strong></span> <span class='ocrx_word' id='word_1_45' title='bbox 1139 796 1363 860; x_wconf 82' lang='lat' dir='ltr'><strong>plenarie</strong></span> <span class='ocrx_word' id='word_1_46' title='bbox 1401 804 1450 845; x_wconf 86' lang='lat' dir='ltr'><strong>et</strong></span> <span class='ocrx_word' id='word_1_47' title='bbox 1481 797 1750 846; x_wconf 89' lang='lat' dir='ltr'><strong>honorifice</strong></span> <span class='ocrx_word' id='word_1_48' title='bbox 1788 796 1909 845; x_wconf 89' lang='lat' dir='ltr'><strong>ficut</strong></span> <span class='ocrx_word' id='word_1_49' title='bbox 1946 795 2122 859; x_wconf 85' lang='lat' dir='ltr'><strong>aliquis</strong></span> <span class='ocrx_word' id='word_1_50' title='bbox 2153 796 2405 860; x_wconf 84' lang='lat' dir='ltr'><strong>burgensis</strong></span> <span class='ocrx_word' id='word_1_51' title='bbox 2472 820 2474 823; x_wconf 93' lang='lat'>·</span> 
     </span>
     <span class='ocr_line' id='line_1_6' title="bbox 371 886 2406 952; baseline -0.001 -14"><span class='ocrx_word' id='word_1_52' title='bbox 371 890 536 941; x_wconf 89' lang='lat' dir='ltr'><strong>noster</strong></span> <span class='ocrx_word' id='word_1_53' title='bbox 566 889 780 952; x_wconf 78' lang='lat' dir='ltr'>aliquam</span> <span class='ocrx_word' id='word_1_54' title='bbox 814 895 998 937; x_wconf 86' lang='lat' dir='ltr'><strong>terram</strong></span> <span class='ocrx_word' id='word_1_55' title='bbox 1033 887 1087 936; x_wconf 91' lang='lat' dir='ltr'><strong>in</strong></span> <span class='ocrx_word' id='word_1_56' title='bbox 1120 887 1279 950; x_wconf 88' lang='lat' dir='ltr'><strong>burgo</strong></span> <span class='ocrx_word' id='word_1_57' title='bbox 1313 886 1479 936; x_wconf 89' lang='lat' dir='ltr'><strong>nostro</strong></span> <span class='ocrx_word' id='word_1_58' title='bbox 1514 886 1716 935; x_wconf 87' lang='lat' dir='ltr'><strong>liberius</strong></span> <span class='ocrx_word' id='word_1_59' title='bbox 1749 894 1798 934; x_wconf 92' lang='lat' dir='ltr'><strong>et</strong></span> <span class='ocrx_word' id='word_1_60' title='bbox 1836 886 2056 950; x_wconf 91' lang='lat' dir='ltr'><strong>quiecius</strong></span> <span class='ocrx_word' id='word_1_61' title='bbox 2083 886 2333 950; x_wconf 88' lang='lat' dir='ltr'><strong>plenarius</strong></span> <span class='ocrx_word' id='word_1_62' title='bbox 2358 895 2406 935; x_wconf 88' lang='lat' dir='ltr'><strong>et</strong></span> 
     </span>
     <span class='ocr_line' id='line_1_7' title="bbox 372 975 2408 1041; baseline -0.002 -11"><span class='ocrx_word' id='word_1_63' title='bbox 372 979 774 1031; x_wconf 85' lang='lat' dir='ltr'><strong>honorificentius</strong></span> <span class='ocrx_word' id='word_1_64' title='bbox 819 985 954 1028; x_wconf 88' lang='lat' dir='ltr'><strong>tenet</strong></span> <span class='ocrx_word' id='word_1_65' title='bbox 1000 984 1048 1026; x_wconf 93' lang='lat' dir='ltr'><strong>et</strong></span> <span class='ocrx_word' id='word_1_66' title='bbox 1089 976 1301 1041; x_wconf 84' lang='lat' dir='ltr'><strong>poflidet</strong></span> <span class='ocrx_word' id='word_1_67' title='bbox 1348 1007 1358 1017; x_wconf 92' lang='lat'><em>-</em></span> <span class='ocrx_word' id='word_1_68' title='bbox 1406 977 1680 1027; x_wconf 86' lang='lat' dir='ltr'><strong>Reddendo</strong></span> <span class='ocrx_word' id='word_1_69' title='bbox 1737 977 1854 1024; x_wconf 91' lang='lat' dir='ltr'><strong>inde</strong></span> <span class='ocrx_word' id='word_1_70' title='bbox 1902 976 2156 1024; x_wconf 83' lang='lat' dir='ltr'><strong>annuatim</strong></span> <span class='ocrx_word' id='word_1_71' title='bbox 2205 975 2408 1025; x_wconf 88' lang='lat' dir='ltr'>Custodi</span> 
     </span>
     <span class='ocr_line' id='line_1_8' title="bbox 376 1066 2409 1132; baseline -0.002 -12"><span class='ocrx_word' id='word_1_72' title='bbox 376 1070 733 1121; x_wconf 82' lang='lat' dir='ltr'><strong>communitatis</strong></span> <span class='ocrx_word' id='word_1_73' title='bbox 767 1069 931 1119; x_wconf 88' lang='lat' dir='ltr'><strong>nostre</strong></span> <span class='ocrx_word' id='word_1_74' title='bbox 961 1068 1041 1132; x_wconf 92' lang='lat' dir='ltr'><strong>qui</strong></span> <span class='ocrx_word' id='word_1_75' title='bbox 1077 1084 1169 1132; x_wconf 86' lang='lat' dir='ltr'><strong>pro</strong></span> <span class='ocrx_word' id='word_1_76' title='bbox 1205 1075 1424 1131; x_wconf 89' lang='lat' dir='ltr'><strong>tempore</strong></span> <span class='ocrx_word' id='word_1_77' title='bbox 1458 1067 1609 1115; x_wconf 87' lang='lat' dir='ltr'><strong>fuerit</strong></span> <span class='ocrx_word' id='word_1_78' title='bbox 1643 1067 1902 1115; x_wconf 86' lang='lat' dir='ltr'><strong>duodecim</strong></span> <span class='ocrx_word' id='word_1_79' title='bbox 1927 1066 2155 1114; x_wconf 87' lang='lat' dir='ltr'><strong>denarios</strong></span> <span class='ocrx_word' id='word_1_80' title='bbox 2191 1067 2255 1114; x_wconf 90' lang='lat' dir='ltr'><strong>ad</strong></span> <span class='ocrx_word' id='word_1_81' title='bbox 2289 1067 2409 1115; x_wconf 88' lang='lat' dir='ltr'><strong>duos</strong></span> 
     </span>
    </p>
   </div>
   <div class='ocr_carea' id='block_1_3' title="bbox 2523 17 2536 1058">
    <p class='ocr_par' dir='ltr' id='par_1_3' title="bbox 2523 17 2536 1058">
     <span class='ocr_line' id='line_1_9' title="bbox 2523 17 2536 1058; baseline 0 0"><span class='ocrx_word' id='word_1_82' title='bbox 2523 17 2536 1058; x_wconf 95' lang='lat' dir='ltr'><strong> </strong></span> 
     </span>
    </p>
   </div>
   <div class='ocr_carea' id='block_1_4' title="bbox 355 1144 2537 1221">
    <p class='ocr_par' dir='ltr' id='par_1_4' title="bbox 355 1144 2537 1221">
     <span class='ocr_line' id='line_1_10' title="bbox 355 1144 2537 1221; baseline -0.003 -8"><span class='ocrx_word' id='word_1_83' title='bbox 355 1163 492 1213; x_wconf 30' lang='lat' dir='ltr'><strong>vanni</strong></span> <span class='ocrx_word' id='word_1_84' title='bbox 548 1161 782 1211; x_wconf 89' lang='lat' dir='ltr'><strong>terminos</strong></span> <span class='ocrx_word' id='word_1_85' title='bbox 840 1159 1070 1210; x_wconf 83' lang='lat' dir='ltr'><strong>videlicet</strong></span> <span class='ocrx_word' id='word_1_86' title='bbox 1126 1159 1206 1208; x_wconf 87' lang='lat' dir='ltr'><strong>sex</strong></span> <span class='ocrx_word' id='word_1_87' title='bbox 1264 1158 1492 1207; x_wconf 86' lang='lat' dir='ltr'><strong>denarios</strong></span> <span class='ocrx_word' id='word_1_88' title='bbox 1550 1158 1615 1207; x_wconf 87' lang='lat' dir='ltr'><strong>ad</strong></span> <span class='ocrx_word' id='word_1_89' title='bbox 1661 1157 1837 1206; x_wconf 86' lang='lat' dir='ltr'><strong>festum</strong></span> <span class='ocrx_word' id='word_1_90' title='bbox 1881 1157 2188 1221; x_wconf 85' lang='lat' dir='ltr'><strong>pentecostes</strong></span> <span class='ocrx_word' id='word_1_91' title='bbox 2236 1165 2286 1206; x_wconf 86' lang='lat' dir='ltr'><strong>et</strong></span> <span class='ocrx_word' id='word_1_92' title='bbox 2330 1159 2409 1207; x_wconf 87' lang='lat' dir='ltr'><strong>sex</strong></span> <span class='ocrx_word' id='word_1_93' title='bbox 2487 1199 2492 1202; x_wconf 31' lang='lat'><strong>⁴</strong></span> <span class='ocrx_word' id='word_1_94' title='bbox 2536 1144 2537 1147; x_wconf 8' lang='grc' dir='ltr'><strong>Ἴ</strong></span> 
     </span>
    </p>
   </div>
   <div class='ocr_carea' id='block_1_5' title="bbox 376 1247 2411 1408">
    <p class='ocr_par' dir='ltr' id='par_1_5' title="bbox 376 1247 2411 1408">
     <span class='ocr_line' id='line_1_11' title="bbox 376 1247 2411 1313; baseline -0.003 -10"><span class='ocrx_word' id='word_1_95' title='bbox 376 1253 602 1303; x_wconf 87' lang='lat' dir='ltr'><strong>denarios</strong></span> <span class='ocrx_word' id='word_1_96' title='bbox 637 1253 700 1303; x_wconf 84' lang='lat' dir='ltr'><strong>ad</strong></span> <span class='ocrx_word' id='word_1_97' title='bbox 731 1251 907 1300; x_wconf 86' lang='lat' dir='ltr'><strong>festum</strong></span> <span class='ocrx_word' id='word_1_98' title='bbox 946 1249 1112 1301; x_wconf 63' lang='lat' dir='ltr'><strong>sanai</strong></span> <span class='ocrx_word' id='word_1_99' title='bbox 1152 1248 1359 1299; x_wconf 89' lang='lat' dir='ltr'><strong>Martini</strong></span> <span class='ocrx_word' id='word_1_100' title='bbox 1398 1248 1451 1297; x_wconf 92' lang='lat' dir='ltr'><strong>in</strong></span> <span class='ocrx_word' id='word_1_101' title='bbox 1486 1265 1627 1313; x_wconf 84' lang='lat' dir='ltr'><strong>yeme</strong></span> <span class='ocrx_word' id='word_1_102' title='bbox 1664 1274 1674 1284; x_wconf 93' lang='lat'><strong>·</strong></span> <span class='ocrx_word' id='word_1_103' title='bbox 1708 1248 1868 1311; x_wconf 89' lang='lat' dir='ltr'><strong>primo</strong></span> <span class='ocrx_word' id='word_1_104' title='bbox 1904 1247 2117 1296; x_wconf 89' lang='lat' dir='ltr'><strong>termino</strong></span> <span class='ocrx_word' id='word_1_105' title='bbox 2152 1248 2411 1297; x_wconf 86' lang='lat' dir='ltr'><strong>solucionis</strong></span> 
     </span>
     <span class='ocr_line' id='line_1_12' title="bbox 376 1337 2410 1408; baseline -0.004 -15"><span class='ocrx_word' id='word_1_106' title='bbox 376 1344 643 1408; x_wconf 82' lang='lat' dir='ltr'><strong>incipiente</strong></span> <span class='ocrx_word' id='word_1_107' title='bbox 668 1344 731 1392; x_wconf 87' lang='lat' dir='ltr'><strong>ad</strong></span> <span class='ocrx_word' id='word_1_108' title='bbox 755 1342 926 1393; x_wconf 87' lang='lat' dir='ltr'><strong>festum</strong></span> <span class='ocrx_word' id='word_1_109' title='bbox 951 1341 1255 1406; x_wconf 84' lang='lat' dir='ltr'><strong>pentecostes</strong></span> <span class='ocrx_word' id='word_1_110' title='bbox 1280 1339 1397 1388; x_wconf 90' lang='lat' dir='ltr'><strong>anni</strong></span> <span class='ocrx_word' id='word_1_111' title='bbox 1420 1338 1579 1403; x_wconf 86' lang='lat' dir='ltr'><strong>gratie</strong></span> <span class='ocrx_word' id='word_1_112' title='bbox 1602 1337 1843 1387; x_wconf 70' lang='lat' dir='ltr'><strong>millesimi</strong></span> <span class='ocrx_word' id='word_1_113' title='bbox 1866 1337 2191 1386; x_wconf 78' lang='lat' dir='ltr'><strong>trecentesimi</strong></span> <span class='ocrx_word' id='word_1_114' title='bbox 2220 1338 2410 1401; x_wconf 89' lang='lat' dir='ltr'><strong>quarti·</strong></span> 
     </span>
    </p>
   </div>
   <div class='ocr_carea' id='block_1_6' title="bbox 382 1428 2491 1499">
    <p class='ocr_par' dir='ltr' id='par_1_6' title="bbox 382 1428 2491 1499">
     <span class='ocr_line' id='line_1_13' title="bbox 382 1428 2491 1499; baseline -0.004 -14"><span class='ocrx_word' id='word_1_115' title='bbox 382 1435 434 1485; x_wconf 89' lang='lat' dir='ltr'><strong>Si</strong></span> <span class='ocrx_word' id='word_1_116' title='bbox 458 1453 575 1484; x_wconf 89' lang='lat' dir='ltr'><strong>vero</strong></span> <span class='ocrx_word' id='word_1_117' title='bbox 607 1434 857 1499; x_wconf 70' lang='lat' dir='ltr'><strong>predi&amp;us</strong></span> <span class='ocrx_word' id='word_1_118' title='bbox 889 1433 939 1482; x_wconf 88' lang='lat' dir='ltr'><strong>G</strong></span> <span class='ocrx_word' id='word_1_119' title='bbox 961 1460 972 1470; x_wconf 88' lang='lat'><strong>·</strong></span> <span class='ocrx_word' id='word_1_120' title='bbox 1000 1431 1261 1481; x_wconf 74' lang='lat' dir='ltr'><strong>discesserit</strong></span> <span class='ocrx_word' id='word_1_121' title='bbox 1285 1430 1385 1481; x_wconf 87' lang='lat' dir='ltr'><strong>sine</strong></span> <span class='ocrx_word' id='word_1_122' title='bbox 1408 1428 1592 1478; x_wconf 86' lang='lat' dir='ltr'><strong>herede</strong></span> <span class='ocrx_word' id='word_1_123' title='bbox 1614 1428 1782 1477; x_wconf 88' lang='lat' dir='ltr'><strong>licebit</strong></span> <span class='ocrx_word' id='word_1_124' title='bbox 1805 1429 1947 1476; x_wconf 88' lang='lat' dir='ltr'><strong>nobis</strong></span> <span class='ocrx_word' id='word_1_125' title='bbox 1971 1429 2033 1477; x_wconf 91' lang='lat' dir='ltr'><strong>de</strong></span> <span class='ocrx_word' id='word_1_126' title='bbox 2058 1429 2187 1477; x_wconf 61' lang='lat' dir='ltr'><strong>dieta</strong></span> <span class='ocrx_word' id='word_1_127' title='bbox 2210 1436 2344 1478; x_wconf 90' lang='lat' dir='ltr'><strong>terra</strong></span> <span class='ocrx_word' id='word_1_128' title='bbox 2367 1438 2414 1478; x_wconf 90' lang='lat' dir='ltr'><strong>et</strong></span> <span class='ocrx_word' id='word_1_129' title='bbox 2487 1465 2491 1468; x_wconf 82' lang='lat'><em>-</em></span> 
     </span>
    </p>
   </div>
   <div class='ocr_carea' id='block_1_7' title="bbox 380 1520 2416 1676">
    <p class='ocr_par' dir='ltr' id='par_1_7' title="bbox 380 1520 2416 1676">
     <span class='ocr_line' id='line_1_14' title="bbox 380 1520 2415 1590; baseline -0.002 -15"><span class='ocrx_word' id='word_1_130' title='bbox 380 1527 581 1590; x_wconf 88' lang='lat' dir='ltr'><strong>edificijs</strong></span> <span class='ocrx_word' id='word_1_131' title='bbox 623 1526 683 1575; x_wconf 90' lang='lat' dir='ltr'><strong>in·</strong></span> <span class='ocrx_word' id='word_1_132' title='bbox 716 1526 888 1574; x_wconf 89' lang='lat' dir='ltr'><strong>eadem</strong></span> <span class='ocrx_word' id='word_1_133' title='bbox 924 1523 1210 1573; x_wconf 66' lang='lat' dir='ltr'><strong>construffis</strong></span> <span class='ocrx_word' id='word_1_134' title='bbox 1250 1539 1342 1586; x_wconf 91' lang='lat' dir='ltr'><strong>pro</strong></span> <span class='ocrx_word' id='word_1_135' title='bbox 1379 1521 1631 1570; x_wconf 86' lang='lat' dir='ltr'><strong>voluntate</strong></span> <span class='ocrx_word' id='word_1_136' title='bbox 1671 1521 1838 1568; x_wconf 87' lang='lat' dir='ltr'><strong>nostra</strong></span> <span class='ocrx_word' id='word_1_137' title='bbox 1876 1520 2030 1568; x_wconf 88' lang='lat' dir='ltr'><strong>libere</strong></span> <span class='ocrx_word' id='word_1_138' title='bbox 2068 1521 2326 1584; x_wconf 88' lang='lat' dir='ltr'><strong>disponere</strong></span> <span class='ocrx_word' id='word_1_139' title='bbox 2368 1529 2415 1570; x_wconf 91' lang='lat' dir='ltr'><strong>et</strong></span> 
     </span>
     <span class='ocr_line' id='line_1_15' title="bbox 381 1610 2416 1676; baseline -0.004 -10"><span class='ocrx_word' id='word_1_140' title='bbox 381 1617 609 1666; x_wconf 90' lang='lat' dir='ltr'><strong>ordinare</strong></span> <span class='ocrx_word' id='word_1_141' title='bbox 634 1645 645 1655; x_wconf 89' lang='lat'><em>-</em></span> <span class='ocrx_word' id='word_1_142' title='bbox 670 1615 732 1664; x_wconf 92' lang='lat' dir='ltr'><strong>In</strong></span> <span class='ocrx_word' id='word_1_143' title='bbox 756 1615 892 1664; x_wconf 85' lang='lat' dir='ltr'><strong>cuius</strong></span> <span class='ocrx_word' id='word_1_144' title='bbox 917 1615 997 1665; x_wconf 79' lang='lat' dir='ltr'><strong>nei</strong></span> <span class='ocrx_word' id='word_1_145' title='bbox 1026 1613 1355 1663; x_wconf 86' lang='lat' dir='ltr'><strong>testimonium</strong></span> <span class='ocrx_word' id='word_1_146' title='bbox 1381 1612 1510 1661; x_wconf 89' lang='lat' dir='ltr'><strong>hanc</strong></span> <span class='ocrx_word' id='word_1_147' title='bbox 1535 1618 1722 1660; x_wconf 87' lang='lat' dir='ltr'><strong>cartam</strong></span> <span class='ocrx_word' id='word_1_148' title='bbox 1748 1611 1964 1659; x_wconf 88' lang='lat' dir='ltr'><strong>nostram</strong></span> <span class='ocrx_word' id='word_1_149' title='bbox 1989 1611 2237 1659; x_wconf 91' lang='lat' dir='ltr'><strong>communi</strong></span> <span class='ocrx_word' id='word_1_150' title='bbox 2261 1610 2416 1676; x_wconf 85' lang='lat' dir='ltr'><strong>sigillo</strong></span> 
     </span>
    </p>
   </div>
   <div class='ocr_carea' id='block_1_8' title="bbox 382 1701 2497 1773">
    <p class='ocr_par' dir='ltr' id='par_1_8' title="bbox 382 1701 2497 1773">
     <span class='ocr_line' id='line_1_16' title="bbox 382 1701 2497 1773; baseline -0.003 -17"><span class='ocrx_word' id='word_1_151' title='bbox 382 1707 582 1772; x_wconf 87' lang='lat' dir='ltr'><strong>capituli</strong></span> <span class='ocrx_word' id='word_1_152' title='bbox 610 1707 763 1755; x_wconf 88' lang='lat' dir='ltr'><strong>nostri</strong></span> <span class='ocrx_word' id='word_1_153' title='bbox 791 1705 1029 1767; x_wconf 84' lang='lat' dir='ltr'><strong>signatam</strong></span> <span class='ocrx_word' id='word_1_154' title='bbox 1058 1704 1279 1768; x_wconf 69' lang='lat' dir='ltr'><strong>predi&amp;o</strong></span> <span class='ocrx_word' id='word_1_155' title='bbox 1306 1703 1534 1752; x_wconf 87' lang='lat' dir='ltr'><strong>Galfrido</strong></span> <span class='ocrx_word' id='word_1_156' title='bbox 1556 1703 1665 1750; x_wconf 91' lang='lat' dir='ltr'><strong>fieri</strong></span> <span class='ocrx_word' id='word_1_157' title='bbox 1689 1702 1893 1751; x_wconf 83' lang='lat' dir='ltr'><strong>fecimus</strong></span> <span class='ocrx_word' id='word_1_158' title='bbox 1921 1708 2172 1766; x_wconf 87' lang='lat' dir='ltr'><strong>patentem</strong></span> <span class='ocrx_word' id='word_1_159' title='bbox 2197 1729 2207 1740; x_wconf 88' lang='lat'><strong>·</strong></span> <span class='ocrx_word' id='word_1_160' title='bbox 2230 1701 2416 1750; x_wconf 89' lang='lat' dir='ltr'><strong>Datum</strong></span> <span class='ocrx_word' id='word_1_161' title='bbox 2476 1743 2497 1773; x_wconf 15' lang='grc' dir='ltr'><strong>’.Ἰ</strong></span> 
     </span>
    </p>
   </div>
   <div class='ocr_carea' id='block_1_9' title="bbox 381 1793 2417 1862">
    <p class='ocr_par' dir='ltr' id='par_1_9' title="bbox 381 1764 2542 1862">
     <span class='ocr_line' id='line_1_17' title="bbox 381 1793 2417 1862; baseline -0.004 -15"><span class='ocrx_word' id='word_1_162' title='bbox 381 1799 512 1862; x_wconf 91' lang='lat' dir='ltr'><strong>apud</strong></span> <span class='ocrx_word' id='word_1_163' title='bbox 548 1796 893 1847; x_wconf 87' lang='lat' dir='ltr'><strong>Aberbrothoc</strong></span> <span class='ocrx_word' id='word_1_164' title='bbox 936 1795 1015 1844; x_wconf 89' lang='lat' dir='ltr'><strong>die</strong></span> <span class='ocrx_word' id='word_1_165' title='bbox 1062 1794 1229 1844; x_wconf 59' lang='lat' dir='ltr'><strong>Sancti</strong></span> <span class='ocrx_word' id='word_1_166' title='bbox 1272 1793 1510 1858; x_wconf 84' lang='lat' dir='ltr'><strong>Stephani</strong></span> <span class='ocrx_word' id='word_1_167' title='bbox 1555 1793 1951 1858; x_wconf 85' lang='lat' dir='ltr'><strong>prothomartiris</strong></span> <span class='ocrx_word' id='word_1_168' title='bbox 1989 1820 1998 1830; x_wconf 93' lang='lat'><strong>·</strong></span> <span class='ocrx_word' id='word_1_169' title='bbox 2041 1810 2171 1841; x_wconf 89' lang='lat' dir='ltr'><strong>anno</strong></span> <span class='ocrx_word' id='word_1_170' title='bbox 2213 1793 2417 1842; x_wconf 88' lang='lat' dir='ltr'><strong>Domini</strong></span> 
     </span>
    </p>
   </div>
   <div class='ocr_carea' id='block_1_10' title="bbox 380 1885 1212 1961">
    <p class='ocr_par' dir='ltr' id='par_1_10' title="bbox 380 1885 1212 1961">
     <span class='ocr_line' id='line_1_18' title="bbox 380 1885 1212 1961; baseline -0.005 -23"><span class='ocrx_word' id='word_1_171' title='bbox 380 1888 631 1961; x_wconf 79' lang='lat' dir='ltr'><strong>millesimo</strong></span> <span class='ocrx_word' id='word_1_172' title='bbox 657 1885 996 1938; x_wconf 87' lang='lat' dir='ltr'><strong>trecentesimo</strong></span> <span class='ocrx_word' id='word_1_173' title='bbox 1021 1886 1177 1936; x_wconf 89' lang='lat' dir='ltr'><strong>tercio</strong></span> <span class='ocrx_word' id='word_1_174' title='bbox 1202 1914 1212 1923; x_wconf 91' lang='lat'><strong>·</strong></span> 
     </span>
    </p>
   </div>
   <div class='ocr_carea' id='block_1_11' title="bbox 384 2134 1221 2207">
    <p class='ocr_par' dir='ltr' id='par_1_11' title="bbox 384 2134 1221 2207">
     <span class='ocr_line' id='line_1_19' title="bbox 384 2134 1221 2207; baseline -0.005 0"><span class='ocrx_word' id='word_1_175' title='bbox 384 2134 555 2207; x_wconf 77' lang='lat' dir='ltr'><strong>Carta</strong></span> <span class='ocrx_word' id='word_1_176' title='bbox 577 2155 814 2205; x_wconf 89' lang='lat' dir='ltr'><strong>territorii</strong></span> <span class='ocrx_word' id='word_1_177' title='bbox 839 2156 899 2203; x_wconf 93' lang='lat' dir='ltr'><strong>de</strong></span> <span class='ocrx_word' id='word_1_178' title='bbox 925 2154 1187 2205; x_wconf 83' lang='lat' dir='ltr'><strong>Monefuth</strong></span> <span class='ocrx_word' id='word_1_179' title='bbox 1211 2182 1221 2193; x_wconf 92' lang='lat'><strong>·</strong></span> 
     </span>
    </p>
   </div>
   <div class='ocr_carea' id='block_1_12' title="bbox 202 2315 2545 2400">
    <p class='ocr_par' dir='ltr' id='par_1_12' title="bbox 202 2315 2545 2400">
     <span class='ocr_line' id='line_1_20' title="bbox 202 2315 2545 2400; baseline -0.002 -13"><span class='ocrx_word' id='word_1_180' title='bbox 202 2331 340 2396; x_wconf 84' lang='lat'><strong>[323]</strong></span> <span class='ocrx_word' id='word_1_181' title='bbox 386 2315 645 2388; x_wconf 82' lang='lat' dir='ltr'><strong>Omnibus</strong></span> <span class='ocrx_word' id='word_1_182' title='bbox 668 2336 755 2384; x_wconf 87' lang='lat' dir='ltr'><strong>has</strong></span> <span class='ocrx_word' id='word_1_183' title='bbox 778 2336 967 2384; x_wconf 85' lang='lat' dir='ltr'><strong>litteras</strong></span> <span class='ocrx_word' id='word_1_184' title='bbox 992 2335 1165 2384; x_wconf 88' lang='lat' dir='ltr'><strong>visuris</strong></span> <span class='ocrx_word' id='word_1_185' title='bbox 1190 2336 1269 2384; x_wconf 88' lang='lat' dir='ltr'><strong>vel</strong></span> <span class='ocrx_word' id='word_1_186' title='bbox 1293 2336 1534 2385; x_wconf 87' lang='lat' dir='ltr'><strong>audituris</strong></span> <span class='ocrx_word' id='word_1_187' title='bbox 1569 2336 1790 2392; x_wconf 76' lang='lat' dir='ltr'><strong>COichael</strong></span> <span class='ocrx_word' id='word_1_188' title='bbox 1815 2337 1875 2384; x_wconf 92' lang='lat' dir='ltr'><strong>de</strong></span> <span class='ocrx_word' id='word_1_189' title='bbox 1902 2335 2155 2385; x_wconf 85' lang='lat' dir='ltr'><strong>Monifuth</strong></span> <span class='ocrx_word' id='word_1_190' title='bbox 2180 2337 2420 2400; x_wconf 90' lang='lat' dir='ltr'><strong>dompnus</strong></span> <span class='ocrx_word' id='word_1_191' title='bbox 2491 2374 2494 2375; x_wconf 12' lang='grc' dir='ltr'><em>γ</em></span> <span class='ocrx_word' id='word_1_192' title='bbox 2543 2387 2545 2396; x_wconf 25' lang='lat' dir='ltr'><em>s</em></span> 
     </span>
    </p>
   </div>
   <div class='ocr_carea' id='block_1_13' title="bbox 385 2424 2420 2476">
    <p class='ocr_par' dir='ltr' id='par_1_13' title="bbox 385 2424 2420 2476">
     <span class='ocr_line' id='line_1_21' title="bbox 385 2424 2420 2476; baseline -0 -1"><span class='ocrx_word' id='word_1_193' title='bbox 385 2427 678 2476; x_wconf 88' lang='lat' dir='ltr'><strong>abbathanie</strong></span> <span class='ocrx_word' id='word_1_194' title='bbox 714 2426 927 2474; x_wconf 90' lang='lat' dir='ltr'><strong>eiusdem</strong></span> <span class='ocrx_word' id='word_1_195' title='bbox 970 2424 1187 2474; x_wconf 88' lang='lat' dir='ltr'><strong>Salutem</strong></span> <span class='ocrx_word' id='word_1_196' title='bbox 1226 2433 1447 2475; x_wconf 87' lang='lat' dir='ltr'><strong>eternam</strong></span> <span class='ocrx_word' id='word_1_197' title='bbox 1487 2427 1539 2475; x_wconf 93' lang='lat' dir='ltr'><strong>in</strong></span> <span class='ocrx_word' id='word_1_198' title='bbox 1580 2427 1798 2475; x_wconf 89' lang='lat' dir='ltr'><strong>Domino</strong></span> <span class='ocrx_word' id='word_1_199' title='bbox 1834 2458 1844 2467; x_wconf 91' lang='lat'><strong>·</strong></span> <span class='ocrx_word' id='word_1_200' title='bbox 1884 2427 2099 2476; x_wconf 85' lang='lat' dir='ltr'><strong>Nouerit</strong></span> <span class='ocrx_word' id='word_1_201' title='bbox 2134 2426 2420 2476; x_wconf 88' lang='lat' dir='ltr'><strong>vniuerfitas</strong></span> 
     </span>
    </p>
   </div>
   <div class='ocr_carea' id='block_1_14' title="bbox 386 2517 2546 2766">
    <p class='ocr_par' dir='ltr' id='par_1_14' title="bbox 386 2492 2546 2774">
     <span class='ocr_line' id='line_1_22' title="bbox 386 2517 2483 2583; baseline -0 -17"><span class='ocrx_word' id='word_1_202' title='bbox 386 2518 546 2566; x_wconf 88' lang='lat' dir='ltr'><strong>vestra</strong></span> <span class='ocrx_word' id='word_1_203' title='bbox 567 2534 645 2565; x_wconf 90' lang='lat' dir='ltr'><strong>me</strong></span> <span class='ocrx_word' id='word_1_204' title='bbox 675 2524 723 2565; x_wconf 86' lang='lat' dir='ltr'><strong>et</strong></span> <span class='ocrx_word' id='word_1_205' title='bbox 753 2517 959 2565; x_wconf 89' lang='lat' dir='ltr'><strong>heredes</strong></span> <span class='ocrx_word' id='word_1_206' title='bbox 993 2533 1128 2564; x_wconf 88' lang='lat' dir='ltr'><strong>meos</strong></span> <span class='ocrx_word' id='word_1_207' title='bbox 1163 2518 1323 2566; x_wconf 91' lang='lat' dir='ltr'><strong>teneri</strong></span> <span class='ocrx_word' id='word_1_208' title='bbox 1355 2525 1404 2567; x_wconf 83' lang='lat' dir='ltr'><strong>et</strong></span> <span class='ocrx_word' id='word_1_209' title='bbox 1435 2526 1608 2568; x_wconf 87' lang='lat' dir='ltr'><strong>tenore</strong></span> <span class='ocrx_word' id='word_1_210' title='bbox 1639 2519 1949 2583; x_wconf 90' lang='lat' dir='ltr'><strong>presencium</strong></span> <span class='ocrx_word' id='word_1_211' title='bbox 1982 2519 2188 2567; x_wconf 87' lang='lat' dir='ltr'><strong>firmiter</strong></span> <span class='ocrx_word' id='word_1_212' title='bbox 2213 2517 2420 2583; x_wconf 88' lang='lat' dir='ltr'><strong>obligari</strong></span> <span class='ocrx_word' id='word_1_213' title='bbox 2481 2574 2483 2577; x_wconf 84' lang='lat'>.</span> 
     </span>
     <span class='ocr_line' id='line_1_23' title="bbox 386 2608 2492 2675; baseline 0.001 -17"><span class='ocrx_word' id='word_1_214' title='bbox 386 2610 583 2658; x_wconf 91' lang='lat' dir='ltr'><strong>domino</strong></span> <span class='ocrx_word' id='word_1_215' title='bbox 619 2609 782 2657; x_wconf 85' lang='lat' dir='ltr'><strong>abbati</strong></span> <span class='ocrx_word' id='word_1_216' title='bbox 821 2609 882 2656; x_wconf 93' lang='lat' dir='ltr'><strong>de</strong></span> <span class='ocrx_word' id='word_1_217' title='bbox 916 2608 1262 2657; x_wconf 83' lang='lat' dir='ltr'><strong>Aberbrothoc</strong></span> <span class='ocrx_word' id='word_1_218' title='bbox 1296 2610 1380 2673; x_wconf 93' lang='lat' dir='ltr'><strong>qui</strong></span> <span class='ocrx_word' id='word_1_219' title='bbox 1414 2627 1505 2675; x_wconf 93' lang='lat' dir='ltr'><strong>pro</strong></span> <span class='ocrx_word' id='word_1_220' title='bbox 1543 2618 1764 2674; x_wconf 84' lang='lat' dir='ltr'><strong>tempore</strong></span> <span class='ocrx_word' id='word_1_221' title='bbox 1799 2611 1949 2660; x_wconf 89' lang='lat' dir='ltr'><strong>fuerit</strong></span> <span class='ocrx_word' id='word_1_222' title='bbox 1987 2619 2035 2660; x_wconf 92' lang='lat' dir='ltr'><strong>et</strong></span> <span class='ocrx_word' id='word_1_223' title='bbox 2074 2611 2286 2659; x_wconf 90' lang='lat' dir='ltr'><strong>eiusdem</strong></span> <span class='ocrx_word' id='word_1_224' title='bbox 2325 2610 2422 2657; x_wconf 90' lang='lat' dir='ltr'><strong>loci</strong></span> <span class='ocrx_word' id='word_1_225' title='bbox 2487 2656 2492 2661; x_wconf 91' lang='lat'>.</span> 
     </span>
     <span class='ocr_line' id='line_1_24' title="bbox 388 2699 2546 2766; baseline 0.001 -15"><span class='ocrx_word' id='word_1_226' title='bbox 388 2700 652 2751; x_wconf 86' lang='lat' dir='ltr'><strong>conuentui</strong></span> <span class='ocrx_word' id='word_1_227' title='bbox 682 2700 736 2748; x_wconf 93' lang='lat' dir='ltr'><strong>in</strong></span> <span class='ocrx_word' id='word_1_228' title='bbox 771 2701 851 2750; x_wconf 87' lang='lat' dir='ltr'><strong>sex</strong></span> <span class='ocrx_word' id='word_1_229' title='bbox 882 2699 1048 2748; x_wconf 89' lang='lat' dir='ltr'><strong>solidis</strong></span> <span class='ocrx_word' id='word_1_230' title='bbox 1086 2710 1135 2749; x_wconf 91' lang='lat' dir='ltr'><strong>et</strong></span> <span class='ocrx_word' id='word_1_231' title='bbox 1172 2702 1279 2749; x_wconf 68' lang='lat' dir='ltr'><strong>oao</strong></span> <span class='ocrx_word' id='word_1_232' title='bbox 1317 2701 1532 2751; x_wconf 89' lang='lat' dir='ltr'><strong>denariis</strong></span> <span class='ocrx_word' id='word_1_233' title='bbox 1568 2702 1812 2750; x_wconf 91' lang='lat' dir='ltr'><strong>bonorum</strong></span> <span class='ocrx_word' id='word_1_234' title='bbox 1847 2709 1895 2749; x_wconf 93' lang='lat' dir='ltr'><strong>et</strong></span> <span class='ocrx_word' id='word_1_235' title='bbox 1931 2701 2165 2766; x_wconf 90' lang='lat' dir='ltr'><strong>legalium</strong></span> <span class='ocrx_word' id='word_1_236' title='bbox 2201 2701 2421 2762; x_wconf 81' lang='lat' dir='ltr'><strong>sterling·</strong></span> <span class='ocrx_word' id='word_1_237' title='bbox 2544 2705 2546 2709; x_wconf 72' lang='grc'>’</span> 
     </span>
    </p>
   </div>
   <div class='ocr_carea' id='block_1_15' title="bbox 388 2790 2423 2855">
    <p class='ocr_par' dir='ltr' id='par_1_15' title="bbox 388 2790 2423 2855">
     <span class='ocr_line' id='line_1_25' title="bbox 388 2790 2423 2855; baseline -0 -16"><span class='ocrx_word' id='word_1_238' title='bbox 388 2809 525 2840; x_wconf 88' lang='lat' dir='ltr'><strong>orum</strong></span> <span class='ocrx_word' id='word_1_239' title='bbox 563 2808 653 2855; x_wconf 89' lang='lat' dir='ltr'><strong>pro</strong></span> <span class='ocrx_word' id='word_1_240' title='bbox 688 2791 810 2841; x_wconf 88' lang='lat' dir='ltr'><strong>tofto</strong></span> <span class='ocrx_word' id='word_1_241' title='bbox 846 2798 894 2840; x_wconf 93' lang='lat' dir='ltr'><strong>et</strong></span> <span class='ocrx_word' id='word_1_242' title='bbox 925 2790 1081 2840; x_wconf 87' lang='lat' dir='ltr'><strong>erofto</strong></span> <span class='ocrx_word' id='word_1_243' title='bbox 1115 2807 1210 2854; x_wconf 90' lang='lat' dir='ltr'><strong>que</strong></span> <span class='ocrx_word' id='word_1_244' title='bbox 1242 2792 1304 2840; x_wconf 88' lang='lat' dir='ltr'><strong>ab</strong></span> <span class='ocrx_word' id='word_1_245' title='bbox 1329 2792 1401 2841; x_wconf 90' lang='lat' dir='ltr'><strong>eis</strong></span> <span class='ocrx_word' id='word_1_246' title='bbox 1435 2793 1499 2841; x_wconf 89' lang='lat' dir='ltr'><strong>ad</strong></span> <span class='ocrx_word' id='word_1_247' title='bbox 1532 2792 1870 2841; x_wconf 87' lang='lat' dir='ltr'><strong>feodofirmam</strong></span> <span class='ocrx_word' id='word_1_248' title='bbox 1904 2799 2049 2841; x_wconf 93' lang='lat' dir='ltr'><strong>teneo</strong></span> <span class='ocrx_word' id='word_1_249' title='bbox 2084 2792 2137 2840; x_wconf 93' lang='lat' dir='ltr'><strong>in</strong></span> <span class='ocrx_word' id='word_1_250' title='bbox 2175 2791 2423 2841; x_wconf 86' lang='lat' dir='ltr'><strong>territorio</strong></span> 
     </span>
    </p>
   </div>
   <div class='ocr_carea' id='block_1_16' title="bbox 292 2881 2422 2947">
    <p class='ocr_par' dir='ltr' id='par_1_16' title="bbox 292 2881 2422 2947">
     <span class='ocr_line' id='line_1_26' title="bbox 292 2881 2422 2947; baseline -0 -16"><span class='ocrx_word' id='word_1_251' title='bbox 292 2913 297 2918; x_wconf 93' lang='lat'><em>-</em></span> <span class='ocrx_word' id='word_1_252' title='bbox 386 2883 603 2947; x_wconf 66' lang='lat' dir='ltr'><strong>predi&amp;e</strong></span> <span class='ocrx_word' id='word_1_253' title='bbox 644 2881 937 2931; x_wconf 88' lang='lat' dir='ltr'><strong>abbathanie</strong></span> <span class='ocrx_word' id='word_1_254' title='bbox 978 2882 1039 2930; x_wconf 94' lang='lat' dir='ltr'><strong>de</strong></span> <span class='ocrx_word' id='word_1_255' title='bbox 1082 2881 1328 2932; x_wconf 85' lang='lat' dir='ltr'><strong>Monifoth</strong></span> <span class='ocrx_word' id='word_1_256' title='bbox 1365 2912 1376 2922; x_wconf 89' lang='lat'><strong>·</strong></span> <span class='ocrx_word' id='word_1_257' title='bbox 1418 2883 1663 2932; x_wconf 88' lang='lat' dir='ltr'><strong>soluendis</strong></span> <span class='ocrx_word' id='word_1_258' title='bbox 1698 2883 1879 2931; x_wconf 88' lang='lat' dir='ltr'><strong>eisdem</strong></span> <span class='ocrx_word' id='word_1_259' title='bbox 1914 2883 1994 2932; x_wconf 88' lang='lat' dir='ltr'><strong>vel</strong></span> <span class='ocrx_word' id='word_1_260' title='bbox 2035 2883 2121 2932; x_wconf 87' lang='lat' dir='ltr'><strong>vni</strong></span> <span class='ocrx_word' id='word_1_261' title='bbox 2158 2900 2325 2931; x_wconf 90' lang='lat' dir='ltr'><strong>eorum</strong></span> <span class='ocrx_word' id='word_1_262' title='bbox 2361 2883 2422 2930; x_wconf 90' lang='lat' dir='ltr'><strong>ad</strong></span> 
     </span>
    </p>
   </div>
   <div class='ocr_carea' id='block_1_17' title="bbox 387 2972 2423 3221">
    <p class='ocr_par' dir='ltr' id='par_1_17' title="bbox 387 2972 2423 3221">
     <span class='ocr_line' id='line_1_27' title="bbox 387 2972 2423 3037; baseline -0.001 -16"><span class='ocrx_word' id='word_1_263' title='bbox 387 2974 481 3023; x_wconf 90' lang='lat' dir='ltr'><strong>hoc</strong></span> <span class='ocrx_word' id='word_1_264' title='bbox 507 2972 844 3037; x_wconf 82' lang='lat' dir='ltr'><strong>capitulariter</strong></span> <span class='ocrx_word' id='word_1_265' title='bbox 867 2973 1101 3036; x_wconf 87' lang='lat' dir='ltr'><strong>deputato</strong></span> <span class='ocrx_word' id='word_1_266' title='bbox 1127 2974 1190 3022; x_wconf 85' lang='lat' dir='ltr'><strong>ad</strong></span> <span class='ocrx_word' id='word_1_267' title='bbox 1214 2974 1337 3023; x_wconf 91' lang='lat' dir='ltr'><strong>duos</strong></span> <span class='ocrx_word' id='word_1_268' title='bbox 1361 2973 1478 3023; x_wconf 87' lang='lat' dir='ltr'><strong>anni</strong></span> <span class='ocrx_word' id='word_1_269' title='bbox 1508 2974 1745 3022; x_wconf 89' lang='lat' dir='ltr'><strong>terminos</strong></span> <span class='ocrx_word' id='word_1_270' title='bbox 1773 2974 2000 3023; x_wconf 85' lang='lat' dir='ltr'><strong>videlicet</strong></span> <span class='ocrx_word' id='word_1_271' title='bbox 2023 2974 2337 3023; x_wconf 86' lang='lat' dir='ltr'><strong>medietatem</strong></span> <span class='ocrx_word' id='word_1_272' title='bbox 2361 2973 2423 3020; x_wconf 86' lang='lat' dir='ltr'><strong>ad</strong></span> 
     </span>
     <span class='ocr_line' id='line_1_28' title="bbox 388 3062 2420 3126; baseline 0 -15"><span class='ocrx_word' id='word_1_273' title='bbox 388 3063 564 3112; x_wconf 88' lang='lat' dir='ltr'><strong>festum</strong></span> <span class='ocrx_word' id='word_1_274' title='bbox 605 3062 945 3126; x_wconf 88' lang='lat' dir='ltr'><strong>penthecostes</strong></span> <span class='ocrx_word' id='word_1_275' title='bbox 980 3071 1029 3112; x_wconf 91' lang='lat' dir='ltr'><strong>et</strong></span> <span class='ocrx_word' id='word_1_276' title='bbox 1065 3063 1211 3112; x_wconf 88' lang='lat' dir='ltr'><strong>aliam</strong></span> <span class='ocrx_word' id='word_1_277' title='bbox 1250 3064 1563 3114; x_wconf 87' lang='lat' dir='ltr'><strong>medietatem</strong></span> <span class='ocrx_word' id='word_1_278' title='bbox 1598 3067 1662 3114; x_wconf 88' lang='lat' dir='ltr'><strong>ad</strong></span> <span class='ocrx_word' id='word_1_279' title='bbox 1697 3066 1874 3115; x_wconf 85' lang='lat' dir='ltr'><strong>festum</strong></span> <span class='ocrx_word' id='word_1_280' title='bbox 1915 3065 2082 3115; x_wconf 67' lang='lat' dir='ltr'><strong>San&amp;i</strong></span> <span class='ocrx_word' id='word_1_281' title='bbox 2124 3064 2334 3114; x_wconf 88' lang='lat' dir='ltr'><strong>Martini</strong></span> <span class='ocrx_word' id='word_1_282' title='bbox 2367 3064 2420 3111; x_wconf 91' lang='lat' dir='ltr'><strong>in</strong></span> 
     </span>
     <span class='ocr_line' id='line_1_29' title="bbox 389 3137 2422 3221; baseline -0 -18"><span class='ocrx_word' id='word_1_283' title='bbox 389 3171 529 3219; x_wconf 88' lang='lat' dir='ltr'><strong>yeme</strong></span> <span class='ocrx_word' id='word_1_284' title='bbox 554 3180 564 3190; x_wconf 93' lang='lat'><strong>·</strong></span> <span class='ocrx_word' id='word_1_285' title='bbox 591 3153 655 3201; x_wconf 90' lang='lat' dir='ltr'><strong>Et</strong></span> <span class='ocrx_word' id='word_1_286' title='bbox 689 3154 942 3202; x_wconf 90' lang='lat' dir='ltr'><strong>reddendo</strong></span> <span class='ocrx_word' id='word_1_287' title='bbox 977 3154 1117 3202; x_wconf 56' lang='lat' dir='ltr'><strong>dietis</strong></span> <span class='ocrx_word' id='word_1_288' title='bbox 1151 3154 1388 3219; x_wconf 78' lang='lat' dir='ltr'><strong>religiosis</strong></span> <span class='ocrx_word' id='word_1_289' title='bbox 1424 3157 1643 3221; x_wconf 91' lang='lat' dir='ltr'><strong>quolibet</strong></span> <span class='ocrx_word' id='word_1_290' title='bbox 1679 3175 1808 3206; x_wconf 89' lang='lat' dir='ltr'><strong>anno</strong></span> <span class='ocrx_word' id='word_1_291' title='bbox 1845 3159 1907 3207; x_wconf 88' lang='lat' dir='ltr'><strong>ad</strong></span> <span class='ocrx_word' id='word_1_292' title='bbox 1944 3157 2117 3206; x_wconf 84' lang='lat' dir='ltr'><strong>festum</strong></span> <span class='ocrx_word' id='word_1_293' title='bbox 2152 3137 2422 3205; x_wconf 76' lang='lat' dir='ltr'><strong>natiuitatis</strong></span> 
     </span>
    </p>
   </div>
  </div>
 </body>
</html>
