2554 3900
22 195 26 308 ἑ

22 309 25 392 ἰ
1688 378 1692 382 .

22 393 26 501 ἱ
619 404 1043 456 REGISTRUM
1076 403 1173 452 DE
1211 401 1768 452 ABERBROTHOC.
2124 407 2183 459 27
2195 411 2212 453 l

179 610 428 684 Garuoch
454 627 653 677 ecclesie
680 657 689 666 -
718 627 871 677 Carta
895 626 1125 690 Hugonis
1149 625 1335 672 domini
1361 625 1421 672 de
1448 624 1851 672 Abirbuthenoth
1880 655 1889 664 -

59 805 136 872 14]
181 790 434 865 Omnibus
460 808 643 858 Christi
678 808 903 857 fidelibus
943 807 1141 872 presens
1179 806 1411 870 scriptum
1451 806 1624 854 visuris
1663 806 1743 854 uel
1785 805 2026 854 audituris
2067 806 2216 872 Hugo

178 902 393 953 Blundus
411 900 636 949 dominus
660 901 721 948 de
744 899 1146 950 Abirbuthenoth
1172 906 1391 947 eternam
1418 898 1469 945 in
1495 897 1713 944 Domino
1739 896 1941 944 salutem
1968 924 1978 934 ·
2004 896 2216 946 Noucrit

176 991 455 1050 vniuerfitas
490 991 650 1040 uestra
683 1009 761 1040 me
797 1009 889 1056 pro
924 991 1077 1040 salute
1116 990 1277 1038 anime
1312 1006 1419 1037 mee
1462 996 1511 1038 et
1546 989 1821 1037 animarum
1860 988 2212 1037 antecessorum

175 1093 222 1135 et
254 1082 568 1133 successorum
603 1099 823 1131 meorum
861 1081 1041 1131 dedisse
1080 1089 1129 1129 et
1165 1078 1438 1130 concessisse
1477 1088 1526 1128 et
1562 1079 1654 1128 hac
1688 1079 1903 1143 presenti
1939 1088 2076 1128 carta
2106 1097 2217 1128 mea

175 1174 467 1226 confirmasse
485 1174 598 1223 Deo
622 1183 671 1224 et
696 1174 897 1223 ecclesie
920 1173 1085 1224 Sanffi
1111 1172 1303 1220 Thome
1327 1170 1544 1218 martiris
1569 1170 1630 1218 de
1650 1170 1875 1226 Arbroth
1896 1178 1944 1218 et
1962 1171 2216 1218 monachis

173 1268 349 1318 ibidem
381 1265 492 1315 Deo
533 1266 855 1315 seruientibus
897 1272 947 1314 et
986 1266 1039 1313 in
1077 1269 1371 1328 perpetuum
1412 1261 1524 1309 Deo
1562 1261 1817 1310 seruituris
1863 1262 1915 1309 in
1957 1278 2132 1326 puram
2167 1271 2215 1311 et

175 1367 454 1425 perpetuam
490 1357 801 1406 elemosinam
838 1374 984 1406 vnam
1018 1357 1250 1404 bouatam
1285 1361 1417 1402 terre
1452 1353 1505 1400 in
1541 1369 1640 1416 qua
1670 1352 1761 1402 sita
1800 1352 1871 1401 est
1909 1353 2114 1402 ecclesia
2151 1355 2212 1402 de

180 1430 408 1500 Garuoch
433 1465 541 1497 cum
571 1449 684 1513 jure
707 1454 998 1512 patronatus
1033 1445 1244 1496 eiusdem
1281 1443 1483 1493 ecclesie
1519 1451 1568 1492 et
1604 1461 1715 1492 cum
1746 1444 1994 1492 communi
2017 1443 2218 1509 pastura

132 1557 137 1561 ·
179 1541 239 1590 ad
257 1549 448 1590 centum
474 1556 591 1589 oues
616 1547 826 1604 quatuor
850 1555 1002 1603 equos
1026 1539 1198 1587 decem
1216 1538 1366 1594 boues
1386 1536 1563 1601 uiginti
1579 1528 1758 1585 'vaccas
1777 1544 1826 1584 et
1844 1553 1995 1585 vnum
2020 1545 2215 1585 taurum

185 1631 334 1698 [cum]
359 1630 506 1680 focali
530 1639 579 1680 et
603 1631 827 1679 omnibus
852 1631 962 1679 aliis
997 1628 1289 1679 aisiamentis
1315 1645 1426 1676 cum
1450 1627 1732 1676 hominibus
1756 1627 1877 1676 meis
1902 1628 2215 1676 manentibus

180 1724 231 1772 in
254 1731 385 1772 terra
406 1739 516 1772 mea
539 1723 600 1771 de
627 1722 864 1772 Garuoch
888 1730 986 1771 tam
1013 1721 1153 1770 dia-,is
1187 1720 1426 1785 religiosis
1461 1737 1609 1783 quam
1643 1718 1922 1768 hominibus
1958 1737 2128 1768 eorum
2164 1721 2215 1768 in

185 1814 310 1864 diua
333 1815 512 1863 bouata
545 1822 676 1863 terre
711 1814 1022 1863 manentibus
1058 1820 1294 1877 quantum
1331 1811 1394 1858 ad
1427 1810 1650 1874 predi&a
1684 1810 1916 1859 animalia
1955 1810 2211 1876 [pertinet]

186 1905 465 1954 Tenendam
511 1913 560 1953 et
599 1905 877 1954 habendam
926 1906 1048 1953 adeo
1094 1904 1249 1952 libere
1292 1902 1457 1965 quiete
1500 1909 1549 1950 et
1588 1901 1860 1950 honorifice
1903 1901 2023 1949 sicut
2065 1903 2216 1966 aliqui

183 1996 388 2062 'religiosi
422 1997 473 2044 in
497 2013 651 2061 regno
679 1995 843 2046 Scotie
879 1997 1090 2061 aliquam
1128 2004 1311 2044 terram
1347 1995 1429 2042 seu
1465 1992 1718 2042 ecclesiam
1755 1994 1816 2042 ab
1841 1993 2006 2057 aliquo
2030 1994 2215 2042 barone

183 2088 278 2137 siue
311 2087 462 2137 milite
496 2088 659 2137 datam
693 2089 894 2137 liberius
929 2096 977 2137 et
1012 2088 1231 2152 quiecius
1266 2092 1437 2135 tenent
1473 2093 1522 2134 et
1555 2084 1796 2149 possident
1832 2114 1841 2124 ·
1879 2085 1987 2149 Ego
2022 2102 2143 2134 uero
2169 2095 2218 2134 et

183 2178 384 2228 heredes
419 2179 515 2228 mei
540 2180 960 2229 confirmationem
985 2178 1172 2227 domini
1197 2176 1404 2225 Roberti
1440 2176 1501 2224 de
1537 2176 1647 2224 Ros
1671 2176 1813 2240 super
1849 2176 1978 2224 diffisa
2014 2177 2217 2226 ecclesia

184 2268 442 2333 sumptibus
475 2269 650 2319 nostris
683 2270 1038 2335 inpetrabimus
1076 2285 1271 2319 necnon
1306 2269 1368 2316 de
1404 2268 1538 2315 omni
1573 2267 1778 2315 seculari
1810 2268 2053 2315 demanda
2090 2268 2216 2316 dicte

186 2359 358 2409 bonate
381 2368 510 2411 terre
532 2362 810 2427 pertinente
834 2380 924 2427 pro
960 2362 1100 2411 dietis
1135 2359 1372 2426 religiosis
1406 2358 1807 2424 respondebimus
1843 2386 1854 2397 ·
1889 2358 1949 2406 In
1983 2359 2120 2406 cuius
2144 2360 2216 2407 rei

190 2450 506 2501 testimonium
527 2454 741 2519 presenti
767 2454 946 2519 scripto
972 2453 1181 2518 sigillum
1204 2469 1367 2501 meum
1386 2433 1587 2516 apposui
1606 2479 1615 2490 ·
1633 2450 1819 2499 Datum
1842 2451 1972 2514 apud
1993 2450 2213 2498 Arbroth

190 2549 360 2605 quarto
393 2544 544 2593 nonas
578 2544 787 2611 Augusti
822 2546 975 2594 Anno
1016 2544 1222 2592 Domini
1262 2542 1517 2591 millesimo
1556 2540 1888 2590 ducentesimo
1925 2540 2214 2604 o&ogesim0

191 2630 396 2681 secundo
420 2661 431 2672 ·
456 2634 680 2685 Testibus
701 2636 736 2685 J
738 2637 931 2685 ohanne
957 2637 1018 2685 de
1043 2635 1271 2684 Montros
1305 2635 1486 2684 clerico
1518 2633 1717 2682 domino
1755 2633 1918 2680 Adam
1945 2632 2128 2680 vicario
2154 2633 2214 2679 de

192 2721 435 2772 Monifuth
460 2753 471 2765 ·
502 2725 688 2792 Fergus
725 2727 971 2777 auunculo
1010 2744 1119 2776 meo
1155 2754 1165 2765 ·
1202 2726 1420 2775 Thomas
1459 2726 1520 2773 de
1559 2724 1835 2789 Kynnarde
1871 2752 1882 2761 ·
1921 2722 2111 2770 Malisio
2152 2724 2213 2770 de

189 2812 364 2879 Eduyn
390 2841 400 2852 -
426 2814 636 2882 Hugone
659 2818 832 2868 Emme
858 2828 906 2868 et
930 2819 1096 2868 multis
1121 2818 1229 2867 aliis
1253 2845 1263 2855 ·
