2554 3900
277 414 373 456 344

280 541 554 587 Aberbrothoc,
570 540 764 591 burgensis
782 540 842 585 de,
863 539 999 588 Ysaac,
1020 542 1083 587 82,
1106 543 1177 590 88,Ι
1191 543 1253 579 89.

406 610 629 649 camerarius
648 610 708 655 de,
733 613 822 648 186.

405 679 627 718 camerarius
643 679 702 725 de,
723 678 861 723 Adam,
880 681 971 726 277,
992 680 1083 719 278.

406 749 627 788 camerarius
643 748 701 796 de,
727 746 934 786 Nicholaus
952 747 999 785 de
1020 746 1164 798 Lundy,
1187 748 1276 793 223,

337 823 426 867 289,
448 822 537 858 293.

309 904 314 908 ·
406 887 618 940 capellanus
638 886 696 933 de,
717 885 908 933 Ricardus,
929 888 991 923 91.

407 955 620 1008 capellanus
638 955 696 1001 de,
715 952 942 1001 VVillelmus,
963 957 1026 991 35.

407 1025 609 1064 monachus
629 1024 689 1070 de,
709 1023 846 1070 Adam,
866 1026 957 1062 335.

406 1094 610 1133 monachus
628 1093 687 1141 de,
706 1092 890 1139 Andreas,
911 1094 1002 1130 322.

407 1163 612 1202 monachus
630 1163 689 1208 de,
707 1161 892 1209 Clemens,
913 1164 977 1205 42,
999 1162 1088 1207 262,
1108 1163 1198 1198 335.

407 1234 611 1271 monachus
630 1232 688 1280 de,
706 1232 730 1270 J
734 1231 907 1279 ordanus,
928 1233 1019 1276 262,
1039 1232 1128 1268 335.

408 1303 612 1341 monachus
631 1302 690 1349 de,
711 1302 817 1339 Neso
836 1300 936 1351 prior
954 1300 1001 1337 de
1021 1298 1167 1350 Fyuyn,
1188 1302 1278 1338 280.

408 1372 612 1410 monachus
630 1371 690 1416 de,
709 1369 932 1421 Stephanus,
952 1371 1043 1407 322.

410 1441 618 1494 prepositus
637 1441 695 1488 de,
717 1439 924 1479 Nicholaus
951 1439 998 1476 de
1018 1437 1193 1485 Wartria,
1216 1441 1280 1484 55,

339 1501 423 1550 vide'
437 1511 612 1550 Wartria.

285 1604 392 1612 ——--
410 1580 618 1632 prepositus
647 1579 705 1625 de,
735 1579 902 1630 Rogerus
919 1577 966 1616 de
985 1576 1197 1623 Balkathin,
1219 1580 1283 1621 55,

339 1651 423 1689 vide
440 1649 647 1688 Balcathin.

409 1720 509 1774 prior
537 1720 597 1767 de,
631 1718 836 1758 Richardus
865 1718 913 1756 ‹le
945 1716 1158 1768 Lambeley,
1194 1718 1284 1762 262,

340 1794 430 1829 335.

288 1883 392 1891 ———-
411 1859 510 1911 prior
528 1858 588 1904 de,
608 1858 685 1904 W.,
706 1861 769 1896 42.

288 1952 392 1961 -——-
411 1929 563 1968 sacrista
581 1928 640 1975 de,
663 1930 751 1976 186,
772 1930 861 1966 206.

412 1997 639 2037 senescallus
656 1998 716 2043 de,
736 1997 874 2044 Adam,
890 1998 954 2043 29,
975 1998 1039 2040 30,
1059 1998 1125 2040 31,
1141 1998 1205 2042 32,
1222 1997 1287 2040 33,

345 2072 408 2116 36,
433 2073 495 2116 48,
513 2072 580 2113 49,
610 2071 673 2115 55,
705 2070 769 2111 69,
801 2069 862 2114 83,
892 2069 956 2108 91,
985 2068 1047 2110 94,
1078 2069 1166 2112 163,
1197 2068 1287 2111 262,

346 2143 435 2178 335.

413 2208 600 2246 Robertus
618 2206 716 2244 filius
736 2205 833 2254 Ade,
852 2204 1057 2252 senescalli,
1079 2208 1142 2243 94.

417 2276 644 2316 senescallus
662 2276 720 2324 de,
740 2275 945 2320 Johannes,
966 2278 1056 2313 205.

426 2345 652 2386 senescallus
670 2345 729 2392 de,
748 2345 772 2383 J
776 2344 942 2382 ohannes
960 2344 1007 2383 de
1027 2343 1171 2391 Pollok,
1193 2346 1282 2381 164.

417 2414 643 2454 senescallus
680 2415 740 2462 de,
784 2414 983 2465 Raynerus
1028 2412 1126 2451 filius
1165 2411 1290 2460 Alani,

347 2487 660 2532 285,286,287.

296 2578 398 2587 -——-
418 2555 594 2594 terrarius
612 2554 672 2602 de,
694 2556 785 2595 186.

419 2623 574 2664 vicarius
593 2623 652 2670 de,
673 2622 888 2669 Mauricius,
909 2624 1000 2663 279.

419 2695 575 2733 vicarius
594 2693 652 2740 de,
669 2691 897 2739 willelmus,
917 2695 1008 2730 200.

423 2764 604 2802 Patricius
623 2763 683 2808 de,
704 2765 794 2801 203.

423 2819 601 2872 Ricardus
619 2832 679 2879 de,
708 2832 863 2870 clericus
889 2829 1074 2869 Willelmi
1101 2829 1228 2880 Regis,
1257 2833 1294 2876 9,

354 2907 417 2950 27,
439 2907 502 2950 63,
525 2906 614 2940 121.

301 2973 599 3017 Aberbuthenot‚
639 2968 995 3021 (Abirbuthenoth)
1033 2968 1205 3007 dominus
1237 2968 1296 3016 de,

351 3043 468 3093 Hugo
488 3041 668 3085 Blundus,
690 3044 779 3086 271,
801 3042 890 3086 272,
910 3042 1001 3081 273.

290 3230 293 3233 ,
359 3184 446 3219 198.

428 3112 631 3150 Duncanus
651 3111 708 3158 de,
729 3115 791 3157 44,
813 3113 877 3156 45,
899 3112 960 3154 47,
982 3112 1043 3156 61,
1064 3112 1126 3156 64,
1148 3111 1210 3155 65,
1235 3110 1296 3152 66,
1316 3157 1321 3162 .

992 407 1225 456 INDEX
1261 405 1631 456 NOMINUM.

1362 539 1662 585 Aberbuthenot,
1684 538 1736 576 H.
1755 537 1852 577 filius
1873 538 2046 576 Duncani
2064 538 2124 583 de,
2147 542 2236 577 198.

1365 609 1553 656 Aberden,
1583 608 1795 660 (Aberdon,
1825 607 2064 659 Abberden‚)
2089 608 2280 659 burgensis
2299 608 2358 652 de,

1418 677 1608 716 Galfridus
1626 678 1752 725 cissor,
1773 680 1861 718 287.

1488 747 1681 798 burgensis
1701 747 1758 794 de,
1779 746 1970 784 Gilbertus
1988 746 2107 793 Stute,
2130 750 2192 785 98.

1364 838 1471 845 ——
1490 814 1636 861 Emma,
1657 829 1792 866 sponsa
1810 815 1970 854 Gilberti
1988 816 2107 860 Stute,
2129 820 2192 854 98.

1490 885 1694 936 burgensis,
1717 885 1921 924 Mauricius
1938 884 2034 923 filius
2052 884 2177 932 Alani,
2199 887 2289 926 287.

1491 953 1684 1004 burgensis
1703 953 1762 1001 de,
1783 954 1916 992 Petrus
1935 954 1981 991 de
2002 953 2155 1001 Hedun,
2175 958 2238 993 55.

1489 1022 1682 1073 burgensis
1701 1023 1761 1071 de,
1782 1022 1960 1062 Valterus
1978 1023 2026 1061 de
2046 1023 2228 1069 Maleuill,
2249 1026 2339 1061 325.

1365 1115 1471 1122 —--—-
1489 1092 1699 1142 burgensis,
1717 1091 1933 1131 Willelmus
1952 1092 1999 1130 de
2019 1093 2185 1138 Buchan,
2207 1095 2297 1134 287.

1490 1161 1782 1200 molendinarius
1801 1162 1861 1209 de,
1883 1161 2080 1210 Hem-icus,
2102 1166 2165 1201 98.

1491 1243 1650 1281 persona
1667 1231 1727 1276 de,
1747 1230 1974 1279 Willelmus,
1995 1234 2058 1278 57,
2083 1234 2171 1276 136,
2197 1235 2285 1273 137.

1492 1300 1668 1339 Matheus
1687 1301 1800 1338 frater
1818 1300 1999 1351 ejusdem,
2021 1303 2071 1342 57
2074 1329 2085 1347 ,
2110 1305 2196 1342 137.

1367 1393 1472 1400 -—-
1491 1377 1688 1421 precentor
1706 1369 1764 1418 de,
1785 1370 1954 1421 Rogems
1973 1369 2020 1408 (18
2038 1369 2164 1418 Derbi,
2185 1372 2275 1409 266.

1490 1445 1611 1477 rector
1637 1438 1820 1477 scolarum
1848 1439 1908 1487 de,
1929 1439 2094 1477 Thomas
2115 1439 2162 1477 de
2181 1440 2367 1484 Bennum,

1427 1511 1516 1547 193.
2052 1557 2056 1560 ‚

1495 1578 1701 1616 vicecomes
1720 1578 1780 1624 de,
1799 1578 1836 1616 J.
1855 1591 1980 1616 comes
1999 1577 2166 1625 Atholie,
2187 1580 2274 1616 165.

1495 1648 1702 1685 vicecomes
1720 1647 1778 1694 de,
1797 1648 1822 1686 J
1826 1647 1991 1685 ohannes
2010 1644 2242 1698 Drimmyn'g,
2262 1650 2354 1686 310.

1496 1716 1703 1754 vicecomes
1722 1717 1780 1764 de,
1802 1715 1996 1768 Philippus
2014 1717 2062 1755 de
2080 1716 2260 1763 Malevill,
2282 1720 2370 1759 179.

1499 1786 1705 1825 vicecomes
1724 1786 1784 1832 de,
1805 1786 1857 1826 V.
1877 1786 1991 1832 Prat„
2013 1790 2102 1826 162.

1373 1878 1471 1886 —
1500 1855 1675 1894 Andreas
1723 1856 1784 1902 de,
1831 1855 1994 1894 officialis
2037 1855 2163 1895 Sancti
2208 1855 2372 1901 Andree,

1428 1930 1519 1965 321.

1376 2019 1478 2026 -—-
1500 1994 1705 2042 Gilbertus,
1725 1995 1823 2034 filius
1841 1995 2011 2035 Gocelini
2029 1996 2088 2043 de,
2112 1999 2200 2044 136,
2224 1999 2311 2038 137.

1500 2064 1705 2103 Gocelinus
1723 2065 1783 2111 de,
1805 2068 1895 2113 136,
1917 2068 2005 2107 137.

1426 2178 1429 2180 ,
1500 2134 1708 2174 Nicholaus
1726 2135 1786 2181 de,
1807 2138 1871 2174 96.

1377 2205 1671 2252 Aberdonensis,
1718 2205 1782 2253 (de
1828 2205 2038 2253 Aberden,)
2084 2204 2374 2251 archidiaconus,

1431 2274 1668 2320 Malcolmus,
1690 2278 1781 2322 138,
1802 2278 1891 2313 140.

1501 2344 1792 2391 archidiaconus,
1813 2344 1983 2392 Omerus,
2004 2349 2066 2390 54,
2089 2348 2178 2383 138.

1502 2413 1792 2461 archidiaconus,
1811 2414 1961 2464 Symon,
1984 2418 2072 2460 136,
2099 2418 2186 2456 137.

1503 2483 1713 2529 canonicus,
1733 2482 1908 2522 Andreas
1927 2483 1974 2522 de
1993 2483 2191 2530 Garuiach,
2211 2487 2301 2522 311.

1380 2574 1486 2582 ——
1504 2552 1715 2598 canonicus,
1776 2551 1967 2591 Gilbertus
2021 2552 2215 2604 Flemyng,
2273 2557 2362 2601 319,

1434 2625 1524 2660 320.

1504 2692 1715 2737 canonicus,
1734 2690 1960 2742 Reginaldus
1979 2691 2144 2738 Coneris,
2164 2695 2253 2730 311.

1505 2767 1644 2809 cantor,
1663 2761 1687 2799 J
1691 2761 1864 2810 ordanus,
1890 2766 1978 2801 140.

1383 2851 1485 2860 --—
1506 2829 1731 2880 capellanus,
1751 2830 1956 2879 Walterus,
1979 2834 2066 2871 193.

1507 2899 1682 2947 decanus,
1704 2899 1933 2949 Alexander,
1952 2906 2017 2949 55,
2041 2905 2130 2941 138.

1382 2992 1487 2999 —-—-
1507 2969 1669 3008 decanus
1688 2970 1747 3018 de,
1770 2972 1859 3013 207.

1509 3039 1670 3078 decanus
1690 3040 1750 3085 de,
1769 3039 1997 3088 Alexander,
2020 3045 2082 3080 93.

1509 3108 1683 3154 decanus,
1703 3109 1899 3157 Robertus,
1920 3114 1984 3157 54,
2007 3114 2092 3158 136,
2117 3116 2202 3148 140.

1511 3178 1685 3224 decanus,
1706 3179 1884 3229 Rogerus,
1907 3183 1995 3218 136.
