2612 3926
391 399 459 446 xii
1246 392 1557 444 TABULA.

389 545 486 587 200.
519 542 797 587 Confirmacio
818 541 999 586 Gilberti
1027 541 1206 599 episcopi
1234 540 1286 584 de
1315 539 1508 583 omnibus
1535 535 2094 594 600163113.[1228-1239.]
2155 537 2277 580 Ethie

574 617 671 660 MS.
692 625 730 660 et
747 617 895 673 Reqist.
919 616 998 658 Vet.
1009 615 1050 672 f.
1073 617 1169 669 100,
1276 645 1287 656 .
1461 644 1472 655 .
2207 642 2217 652 .
2263 610 2315 653 P.
2338 612 2420 655 138

389 694 487 735 201.
521 690 799 736 Confirmacio
817 689 988 746 capituli
1006 687 1317 731 Aberdonensis
1332 686 1384 729 de
1398 685 1591 728 omnibus
1606 683 1801 727 ecclesiis,
1853 682 1920 740 [p.
1944 684 2070 728 1239.
2074 682 2093 740 ]
2155 684 2277 728 Ethie

574 764 671 807 MS.
691 771 729 806 et
746 763 897 819 Reqist.
926 762 1006 804 Vet.
1017 762 1059 818 f.
1082 763 1178 815 100,
1271 792 1283 803 .
1457 791 1468 801 .
2333 760 2415 802 139

389 840 486 882 202.
517 836 795 882 Confirmacio
814 834 1026 890 Radulphi
1047 834 1225 891 episcopi
1244 831 1545 875 Abirdonensis
1565 829 1618 873 de
1646 829 1841 873 omnibus
1859 830 2055 874 ecclesiis.
2119 789 2275 887 [1239-

575 909 722 966 1247.]
780 909 902 952 Ethie
919 908 1016 951 MS.
1037 916 1075 951 et
1091 908 1242 964 Reqist.
1271 907 1351 950 Vet.
1363 906 1404 964 f.
1427 905 1524 958 101,
1649 935 1658 945 .
1835 935 1846 946 .
2022 937 2032 946 .
2208 938 2218 947 .
2365 906 2420 947 ib.

727 1143 1024 1184 INCIPIUNT
1058 1142 1422 1183 DONACIONES
1458 1142 1533 1180 ET
1568 1140 2072 1182 CONFIRMACIONES

813 1230 1211 1271 EPISCOPORUM
1245 1228 1700 1275 MORAVOENSIUM,
1739 1227 1993 1276 RIGARDI,

1108 1316 1295 1362 BRICH,
1331 1316 1405 1354 ET
1438 1315 1687 1354 ANDREE.

385 1464 482 1506 203.
513 1461 642 1505 Carta
661 1458 830 1503 Ricardi
849 1458 1027 1516 episcopi
1045 1458 1321 1500 Moraviensis
1348 1458 1399 1501 de
1419 1457 1590 1500 ecclesia
1610 1456 1663 1499 de
1681 1455 1902 1514 InvernJS.
1964 1455 2274 1514 [1189-1198.]

568 1535 690 1577 Ethie
707 1534 804 1576 MS.
825 1541 862 1575 et
879 1525 1029 1589 Regist.
1059 1533 1137 1574 Vet.
1150 1532 1190 1589 f.
1215 1533 1312 1586 101,
1458 1564 1469 1575 .
1646 1563 1656 1573 .
1833 1562 1844 1572 .
2019 1562 2030 1572 .
2207 1563 2217 1573 .
2338 1533 2421 1575 140

385 1611 481 1653 204.
515 1608 643 1652 Carta
662 1607 790 1650 Bricii
809 1606 986 1663 episcopi
1014 1605 1289 1648 Moraviensis
1318 1604 1370 1648 de
1398 1604 1571 1648 ecclesia
1599 1604 1651 1647 de
1680 1604 1901 1661 Invernys.
1965 1603 2274 1660 [1204-1211.]

567 1681 689 1723 ΕιΙιίε
706 1679 802 1723 MS.
824 1688 862 1722 et
878 1680 1029 1735 Reyist.
1054 1679 1133 1721 Vet.
1145 1679 1186 1735 f.
1210 1680 1307 1732 102,
1461 1712 1470 1721 .
1649 1711 1659 1720 .
1834 1710 1845 1720 .
2021 1709 2032 1720 .
2209 1710 2218 1718 .
2339 1680 2419 1721 141

384 1757 482 1799 205.
513 1753 790 1799 Confirmacio
823 1752 953 1795 Bricii
986 1752 1165 1810 episcopi
1198 1751 1250 1795 de
1278 1751 1451 1795 ecclesia
1480 1752 1532 1795 de
1561 1751 1891 1795 Abirkerdouer
1966 1751 2272 1807 [1204-1211.]

568 1829 719 1884 Reyist.
743 1827 822 1869 Vet.
834 1827 876 1883 f.
895 1827 990 1879 102,
1086 1857 1096 1867 .
1274 1859 1282 1868 .
1458 1858 1469 1869 .
1833 1857 1843 1866 .
2019 1856 2030 1867 .
2207 1858 2216 1866 .
2338 1828 2420 1868 142

383 1905 481 1947 206.
513 1900 642 1945 Carta
655 1899 866 1944 Gillecrist
881 1899 1041 1941 comitis
1053 1898 1105 1941 de
1119 1898 1240 1941 Marr
1253 1898 1305 1941 de
1317 1899 1490 1943 ecclesia
1501 1899 1552 1943 de
1564 1898 1903 1943 Aberkerdouer.
1966 1898 2274 1955 [1204-1211.]

566 1975 716 2031 Reyist.
745 1974 823 2016 Vet.
836 1973 877 2030 f.
899 1974 996 2026 103,
1089 2004 1099 2014 .
1274 2004 1285 2014 .
1834 2004 1845 2015 .
2021 2004 2032 2015 .
2209 2005 2219 2015 .
2366 1975 2421 2017 ib.

383 2052 479 2093 207.
511 2047 789 2092 Confirmacio
823 2046 994 2103 capituli
1029 2045 1080 2088 de
1116 2045 1264 2103 Spyny
1299 2045 1351 2089 de
1389 2004 1562 2089 60016313
1597 2005 1658 2089 (16
1682 2046 1904 2102 Invernys.
1966 2044 2274 2102 [1204-1211.]

568 2122 717 2177 Reyist.
742 2121 822 2163 Vet.
834 2121 876 2177 f.
899 2122 994 2171 103,
1085 2152 1095 2161 .
1271 2149 1282 2161 .
1459 2151 1469 2160 .
1648 2151 1657 2162 .
1833 2151 1843 2161 .
2019 2152 2028 2161 .
2207 2152 2216 2160 .
2336 2122 2419 2164 143

384 2198 480 2239 208.
513 2193 790 2239 confirmacio
809 2193 980 2235 Andree
1000 2193 1179 2250 episcopi
1198 2192 1475 2235 Moraviensis
1495 2192 1547 2234 de
1566 2191 1747 2234 ecclesiis
1775 2191 1827 2235 (16
1846 2191 2054 2249 Invernys
2075 2199 2117 2234 et
2137 2192 2278 2235 Aber-

567 2267 783 2309 kerdouer.
845 2265 1146 2330 [1223-1242.]
1206 2267 1358 2323 Reyist
1388 2266 1468 2309 Vet.
1480 2266 1522 2322 f.
1546 2267 1645 2319 103,
1833 2297 1843 2307 .
2365 2266 2420 2308 ib.

384 2345 481 2386 209
514 2341 643 2385 Carta
675 2340 804 2382 Bricii
837 2340 1015 2397 episcopi
1049 2339 1101 2382 de
1134 2347 1246 2382 terra
1279 2339 1450 2383 ecclesie
1481 2339 1533 2382 de
1563 2338 1892 2382 Abirkerdouer.
1967 2297 2272 2395 [1204-1211.]

569 2414 717 2470 Reyist.
742 2414 820 2456 Vet.
834 2414 875 2470 f.
899 2415 994 2467 103,
1085 2446 1093 2456 .
1270 2445 1280 2455 .
2334 2414 2417 2455 144

385 2490 482 2531 210.
514 2486 791 2531 Confirmacio
811 2486 980 2543 capituli
1000 2485 1051 2528 de
1071 2485 1215 2529 eadem
1233 2493 1358 2529 terra.
1422 2444 1726 2543 [1204-1211.]
1786 2487 1938 2543 Reyist.
1963 2487 2043 2530 Vet.
2056 2487 2097 2543 f.
2120 2487 2217 2541 104,
2336 2488 2418 2530 145

731 2731 794 2770 IN
796 2731 1028 2771 CIPIUNT
1063 2731 1428 2771 DONACIONES
1463 2730 1537 2769 ET
1573 2729 2074 2770 CONFIRMACIONES

789 2817 1187 2858 EPISCOPORUM
1221 2817 1725 2863 DUNBLANENSIUM,
1751 2816 2007 2864 SYMONIS,

1062 2905 1090 2943 J
1093 2903 1338 2950 ONATHE,
1375 2904 1448 2942 ET
1483 2903 1732 2942 ABRAHE.

389 3045 485 3086 211.
517 3041 795 3086 confirmacio
831 3042 1024 3099 Symonis
1058 3044 1236 3102 episcopi
1272 3045 1583 3089 Dunblanensis
1618 3045 1670 3088 de
1703 3044 1875 3089 ecclesia
1915 3044 1967 3087 de
2001 3042 2269 3100 Abernythy.
2432 3073 2434 3075 -

574 3114 874 3172 [1189-1199.]
935 3117 1085 3178 Reyist.
1109 3118 1188 3160 Vet.
1200 3119 1242 3174 f.
1265 3119 1360 3172 104,
1457 3151 1468 3161 .
1643 3151 1653 3161 .
1830 3150 1840 3159 .
2016 3149 2026 3159 .
2203 3148 2213 3158 .
2332 3111 2439 3160 145'
