<?xml version="1.0" encoding="UTF-8"?>
<!DOCTYPE html PUBLIC "-//W3C//DTD XHTML 1.0 Transitional//EN"
    "http://www.w3.org/TR/xhtml1/DTD/xhtml1-transitional.dtd">
<html xmlns="http://www.w3.org/1999/xhtml" xml:lang="en" lang="en">
 <head>
  <title>
</title>
<meta http-equiv="Content-Type" content="text/html;charset=utf-8" />
  <meta name='ocr-system' content='tesseract 3.04.00' />
  <meta name='ocr-capabilities' content='ocr_page ocr_carea ocr_par ocr_line ocrx_word'/>
</head>
<body>
  <div class='ocr_page' id='page_1' title='image "./libersthomedea0186arbruoft_0341.png"; bbox 0 0 2554 3900; ppageno 0'>
   <div class='ocr_carea' id='block_1_1' title="bbox 26 1668 29 1710">
    <p class='ocr_par' dir='ltr' id='par_1_1' title="bbox 26 1668 29 1710">
     <span class='ocr_line' id='line_1_1' title="bbox 26 1668 29 1710; baseline 0 0"><span class='ocrx_word' id='word_1_1' title='bbox 26 1668 29 1710; x_wconf 89' lang='grc' dir='ltr'>Ι</span> 
     </span>
    </p>
   </div>
   <div class='ocr_carea' id='block_1_2' title="bbox 630 397 2221 459">
    <p class='ocr_par' dir='ltr' id='par_1_2' title="bbox 630 397 2221 459">
     <span class='ocr_line' id='line_1_2' title="bbox 630 397 2221 459; baseline -0.009 0"><span class='ocrx_word' id='word_1_2' title='bbox 630 404 1055 459; x_wconf 87' lang='lat' dir='ltr'><strong>REGISTRUM</strong></span> <span class='ocrx_word' id='word_1_3' title='bbox 1087 402 1184 452; x_wconf 87' lang='lat' dir='ltr'>DE</span> <span class='ocrx_word' id='word_1_4' title='bbox 1218 398 1773 449; x_wconf 87' lang='lat' dir='ltr'><strong>ABERBROTHOC.</strong></span> <span class='ocrx_word' id='word_1_5' title='bbox 2128 397 2221 446; x_wconf 81' lang='lat'>261</span> 
     </span>
    </p>
   </div>
   <div class='ocr_carea' id='block_1_3' title="bbox 190 528 2221 1414">
    <p class='ocr_par' dir='ltr' id='par_1_3' title="bbox 190 528 2221 1414">
     <span class='ocr_line' id='line_1_3' title="bbox 193 528 2221 595; baseline -0.01 0"><span class='ocrx_word' id='word_1_6' title='bbox 193 562 278 595; x_wconf 88' lang='lat' dir='ltr'>nos</span> <span class='ocrx_word' id='word_1_7' title='bbox 311 541 487 593; x_wconf 85' lang='lat' dir='ltr'>dedifl&#39;e</span> <span class='ocrx_word' id='word_1_8' title='bbox 522 548 570 590; x_wconf 88' lang='lat' dir='ltr'>et</span> <span class='ocrx_word' id='word_1_9' title='bbox 606 537 876 589; x_wconf 83' lang='lat' dir='ltr'>concessifl&#39;e</span> <span class='ocrx_word' id='word_1_10' title='bbox 913 545 962 586; x_wconf 91' lang='lat' dir='ltr'>et</span> <span class='ocrx_word' id='word_1_11' title='bbox 994 536 1086 584; x_wconf 87' lang='lat' dir='ltr'>hac</span> <span class='ocrx_word' id='word_1_12' title='bbox 1123 541 1261 582; x_wconf 89' lang='lat' dir='ltr'>carta</span> <span class='ocrx_word' id='word_1_13' title='bbox 1294 532 1460 580; x_wconf 86' lang='lat' dir='ltr'>nostra</span> <span class='ocrx_word' id='word_1_14' title='bbox 1496 530 1795 579; x_wconf 78' lang='lat' dir='ltr'>confirmasse</span> <span class='ocrx_word' id='word_1_15' title='bbox 1833 560 1842 570; x_wconf 88' lang='lat'><strong>·</strong></span> <span class='ocrx_word' id='word_1_16' title='bbox 1879 528 2221 593; x_wconf 85' lang='lat' dir='ltr'>Gyllethomas</span> 
     </span>
     <span class='ocr_line' id='line_1_4' title="bbox 191 618 2221 686; baseline -0.009 -2"><span class='ocrx_word' id='word_1_17' title='bbox 191 636 288 684; x_wconf 90' lang='lat' dir='ltr'>filio</span> <span class='ocrx_word' id='word_1_18' title='bbox 329 665 339 675; x_wconf 87' lang='lat'><strong>·</strong></span> <span class='ocrx_word' id='word_1_19' title='bbox 379 633 513 681; x_wconf 89' lang='lat' dir='ltr'>Alise</span> <span class='ocrx_word' id='word_1_20' title='bbox 555 659 566 670; x_wconf 93' lang='lat'><strong>·</strong></span> <span class='ocrx_word' id='word_1_21' title='bbox 608 646 756 679; x_wconf 90' lang='lat' dir='ltr'>vnum</span> <span class='ocrx_word' id='word_1_22' title='bbox 794 627 976 676; x_wconf 88' lang='lat' dir='ltr'>dauath</span> <span class='ocrx_word' id='word_1_23' title='bbox 1015 634 1145 675; x_wconf 87' lang='lat' dir='ltr'>terre</span> <span class='ocrx_word' id='word_1_24' title='bbox 1180 624 1233 672; x_wconf 91' lang='lat' dir='ltr'>in</span> <span class='ocrx_word' id='word_1_25' title='bbox 1268 623 1519 672; x_wconf 89' lang='lat' dir='ltr'>territorio</span> <span class='ocrx_word' id='word_1_26' title='bbox 1562 622 1623 669; x_wconf 93' lang='lat' dir='ltr'>de</span> <span class='ocrx_word' id='word_1_27' title='bbox 1659 620 2004 686; x_wconf 90' lang='lat' dir='ltr'>Kyncoldrum</span> <span class='ocrx_word' id='word_1_28' title='bbox 2039 618 2221 666; x_wconf 90' lang='lat' dir='ltr'>scilicet</span> 
     </span>
     <span class='ocr_line' id='line_1_5' title="bbox 192 709 2219 790; baseline -0.009 -16"><span class='ocrx_word' id='word_1_29' title='bbox 192 725 401 790; x_wconf 87' lang='lat' dir='ltr'>Kennyn</span> <span class='ocrx_word' id='word_1_30' title='bbox 427 721 739 785; x_wconf 88' lang='lat' dir='ltr'>Muchardyn</span> <span class='ocrx_word' id='word_1_31' title='bbox 762 736 851 784; x_wconf 90' lang='lat' dir='ltr'>per</span> <span class='ocrx_word' id='word_1_32' title='bbox 875 720 1032 766; x_wconf 68' lang='lat' dir='ltr'>rectas</span> <span class='ocrx_word' id='word_1_33' title='bbox 1055 715 1230 764; x_wconf 87' lang='lat' dir='ltr'>diuisas</span> <span class='ocrx_word' id='word_1_34' title='bbox 1256 745 1266 755; x_wconf 90' lang='lat'><strong>·</strong></span> <span class='ocrx_word' id='word_1_35' title='bbox 1293 714 1587 762; x_wconf 86' lang='lat' dir='ltr'><strong>Tenendum</strong></span> <span class='ocrx_word' id='word_1_36' title='bbox 1624 712 1711 760; x_wconf 89' lang='lat' dir='ltr'>fibi</span> <span class='ocrx_word' id='word_1_37' title='bbox 1747 719 1795 760; x_wconf 89' lang='lat' dir='ltr'>et</span> <span class='ocrx_word' id='word_1_38' title='bbox 1829 710 2091 758; x_wconf 84' lang='lat' dir='ltr'>heredibus</span> <span class='ocrx_word' id='word_1_39' title='bbox 2126 709 2219 756; x_wconf 91' lang='lat' dir='ltr'>suis</span> 
     </span>
     <span class='ocr_line' id='line_1_6' title="bbox 192 801 2220 868; baseline -0.008 -4"><span class='ocrx_word' id='word_1_40' title='bbox 192 816 251 864; x_wconf 92' lang='lat' dir='ltr'>de</span> <span class='ocrx_word' id='word_1_41' title='bbox 283 814 420 863; x_wconf 86' lang='lat' dir='ltr'>nobis</span> <span class='ocrx_word' id='word_1_42' title='bbox 456 819 504 861; x_wconf 89' lang='lat' dir='ltr'>et</span> <span class='ocrx_word' id='word_1_43' title='bbox 538 809 883 859; x_wconf 72' lang='lat' dir='ltr'>successoribus</span> <span class='ocrx_word' id='word_1_44' title='bbox 916 807 1094 856; x_wconf 89' lang='lat' dir='ltr'>nostris</span> <span class='ocrx_word' id='word_1_45' title='bbox 1128 806 1281 855; x_wconf 89' lang='lat' dir='ltr'>libere</span> <span class='ocrx_word' id='word_1_46' title='bbox 1317 814 1366 854; x_wconf 89' lang='lat' dir='ltr'>et</span> <span class='ocrx_word' id='word_1_47' title='bbox 1401 805 1565 868; x_wconf 90' lang='lat' dir='ltr'>quiete</span> <span class='ocrx_word' id='word_1_48' title='bbox 1591 831 1600 841; x_wconf 94' lang='lat'><strong>·</strong></span> <span class='ocrx_word' id='word_1_49' title='bbox 1626 802 1900 852; x_wconf 88' lang='lat' dir='ltr'>Reddendo</span> <span class='ocrx_word' id='word_1_50' title='bbox 1935 801 2076 849; x_wconf 91' lang='lat' dir='ltr'>nobis</span> <span class='ocrx_word' id='word_1_51' title='bbox 2106 801 2220 847; x_wconf 89' lang='lat' dir='ltr'>inde</span> 
     </span>
     <span class='ocr_line' id='line_1_7' title="bbox 193 890 2219 958; baseline -0.009 -3"><span class='ocrx_word' id='word_1_52' title='bbox 193 904 438 955; x_wconf 78' lang='lat' dir='ltr'><strong>annuatim</strong></span> <span class='ocrx_word' id='word_1_53' title='bbox 485 910 533 951; x_wconf 90' lang='lat' dir='ltr'>et</span> <span class='ocrx_word' id='word_1_54' title='bbox 577 899 921 950; x_wconf 74' lang='lat' dir='ltr'>successoribus</span> <span class='ocrx_word' id='word_1_55' title='bbox 966 897 1142 946; x_wconf 89' lang='lat' dir='ltr'>nostris</span> <span class='ocrx_word' id='word_1_56' title='bbox 1189 913 1334 945; x_wconf 88' lang='lat' dir='ltr'>vnam</span> <span class='ocrx_word' id='word_1_57' title='bbox 1380 895 1558 943; x_wconf 90' lang='lat' dir='ltr'>libram</span> <span class='ocrx_word' id='word_1_58' title='bbox 1603 894 1788 958; x_wconf 85' lang='lat' dir='ltr'>piperis</span> <span class='ocrx_word' id='word_1_59' title='bbox 1836 893 1914 940; x_wconf 89' lang='lat' dir='ltr'>vel</span> <span class='ocrx_word' id='word_1_60' title='bbox 1961 890 2219 939; x_wconf 88' lang='lat' dir='ltr'>duodecim</span> 
     </span>
     <span class='ocr_line' id='line_1_8' title="bbox 193 981 2218 1056; baseline -0.008 -11"><span class='ocrx_word' id='word_1_61' title='bbox 193 994 412 1046; x_wconf 87' lang='lat' dir='ltr'>denarios</span> <span class='ocrx_word' id='word_1_62' title='bbox 436 994 498 1042; x_wconf 88' lang='lat' dir='ltr'>ad</span> <span class='ocrx_word' id='word_1_63' title='bbox 521 990 871 1056; x_wconf 89' lang='lat' dir='ltr'>penthecosten</span> <span class='ocrx_word' id='word_1_64' title='bbox 896 1019 906 1029; x_wconf 90' lang='lat'><strong>·</strong></span> <span class='ocrx_word' id='word_1_65' title='bbox 934 996 983 1037; x_wconf 91' lang='lat' dir='ltr'>et</span> <span class='ocrx_word' id='word_1_66' title='bbox 1017 987 1243 1036; x_wconf 90' lang='lat' dir='ltr'>faciendo</span> <span class='ocrx_word' id='word_1_67' title='bbox 1277 986 1393 1034; x_wconf 90' lang='lat' dir='ltr'>inde</span> <span class='ocrx_word' id='word_1_68' title='bbox 1428 985 1721 1033; x_wconf 90' lang='lat' dir='ltr'>forinsecum</span> <span class='ocrx_word' id='word_1_69' title='bbox 1757 982 2016 1032; x_wconf 89' lang='lat' dir='ltr'>seruicium</span> <span class='ocrx_word' id='word_1_70' title='bbox 2051 981 2182 1045; x_wconf 87' lang='lat' dir='ltr'>regis</span> <span class='ocrx_word' id='word_1_71' title='bbox 2208 1008 2218 1018; x_wconf 89' lang='lat'><strong>·</strong></span> 
     </span>
     <span class='ocr_line' id='line_1_9' title="bbox 194 1072 2220 1145; baseline -0.008 -10"><span class='ocrx_word' id='word_1_72' title='bbox 194 1085 412 1136; x_wconf 88' lang='lat' dir='ltr'>Testibus</span> <span class='ocrx_word' id='word_1_73' title='bbox 444 1082 640 1131; x_wconf 90' lang='lat' dir='ltr'>domino</span> <span class='ocrx_word' id='word_1_74' title='bbox 676 1080 890 1145; x_wconf 88' lang='lat' dir='ltr'>Hugone</span> <span class='ocrx_word' id='word_1_75' title='bbox 927 1078 1151 1143; x_wconf 89' lang='lat' dir='ltr'>episcopo</span> <span class='ocrx_word' id='word_1_76' title='bbox 1187 1077 1414 1125; x_wconf 90' lang='lat' dir='ltr'>Morauie</span> <span class='ocrx_word' id='word_1_77' title='bbox 1439 1106 1448 1116; x_wconf 92' lang='lat'>-</span> <span class='ocrx_word' id='word_1_78' title='bbox 1476 1076 1675 1124; x_wconf 88' lang='lat' dir='ltr'>domino</span> <span class='ocrx_word' id='word_1_79' title='bbox 1700 1074 1767 1123; x_wconf 93' lang='lat' dir='ltr'>W</span> <span class='ocrx_word' id='word_1_80' title='bbox 1792 1102 1803 1114; x_wconf 88' lang='lat'><strong>·</strong></span> <span class='ocrx_word' id='word_1_81' title='bbox 1829 1075 1981 1123; x_wconf 68' lang='lat' dir='ltr'>electo</span> <span class='ocrx_word' id='word_1_82' title='bbox 2019 1072 2220 1122; x_wconf 86' lang='lat' dir='ltr'>Glascu-</span> 
     </span>
     <span class='ocr_line' id='line_1_10' title="bbox 190 1162 2219 1227; baseline -0.007 -3"><span class='ocrx_word' id='word_1_83' title='bbox 190 1177 286 1226; x_wconf 86' lang='grc'><strong>61111</strong></span> <span class='ocrx_word' id='word_1_84' title='bbox 319 1203 329 1213; x_wconf 89' lang='grc'><em>·</em></span> <span class='ocrx_word' id='word_1_85' title='bbox 364 1174 558 1223; x_wconf 83' lang='grc' dir='ltr'><strong>(1οωί116</strong></span> <span class='ocrx_word' id='word_1_86' title='bbox 592 1172 822 1221; x_wconf 85' lang='lat' dir='ltr'>Johanne</span> <span class='ocrx_word' id='word_1_87' title='bbox 864 1170 1017 1218; x_wconf 69' lang='lat' dir='ltr'>electo</span> <span class='ocrx_word' id='word_1_88' title='bbox 1058 1170 1119 1217; x_wconf 91' lang='grc'>(16</span> <span class='ocrx_word' id='word_1_89' title='bbox 1160 1168 1401 1217; x_wconf 90' lang='lat' dir='ltr'>Aberdon</span> <span class='ocrx_word' id='word_1_90' title='bbox 1437 1195 1447 1206; x_wconf 89' lang='lat'><strong>·</strong></span> <span class='ocrx_word' id='word_1_91' title='bbox 1486 1166 1663 1214; x_wconf 85' lang='lat' dir='ltr'>comite</span> <span class='ocrx_word' id='word_1_92' title='bbox 1698 1165 1945 1213; x_wconf 89' lang='lat' dir='ltr'>Duncano</span> <span class='ocrx_word' id='word_1_93' title='bbox 1981 1164 2042 1211; x_wconf 87' lang='lat' dir='ltr'>de</span> <span class='ocrx_word' id='word_1_94' title='bbox 2078 1162 2180 1227; x_wconf 85' lang='lat' dir='ltr'>Fyf</span> <span class='ocrx_word' id='word_1_95' title='bbox 2210 1191 2219 1199; x_wconf 92' lang='lat'><strong>·</strong></span> 
     </span>
     <span class='ocr_line' id='line_1_11' title="bbox 192 1253 2221 1321; baseline -0.007 -6"><span class='ocrx_word' id='word_1_96' title='bbox 192 1267 363 1317; x_wconf 87' lang='lat' dir='ltr'>comite</span> <span class='ocrx_word' id='word_1_97' title='bbox 389 1264 613 1314; x_wconf 85' lang='lat' dir='ltr'>Gilberto</span> <span class='ocrx_word' id='word_1_98' title='bbox 639 1263 700 1310; x_wconf 97' lang='grc'>(16</span> <span class='ocrx_word' id='word_1_99' title='bbox 736 1260 972 1311; x_wconf 88' lang='lat' dir='ltr'>Stradern</span> <span class='ocrx_word' id='word_1_100' title='bbox 998 1287 1008 1297; x_wconf 91' lang='lat'><strong>·</strong></span> <span class='ocrx_word' id='word_1_101' title='bbox 1034 1259 1210 1308; x_wconf 88' lang='lat' dir='ltr'>comite</span> <span class='ocrx_word' id='word_1_102' title='bbox 1238 1258 1288 1307; x_wconf 83' lang='lat' dir='ltr'><strong>G</strong></span> <span class='ocrx_word' id='word_1_103' title='bbox 1311 1286 1321 1295; x_wconf 94' lang='lat'><strong>·</strong></span> <span class='ocrx_word' id='word_1_104' title='bbox 1346 1259 1407 1307; x_wconf 90' lang='grc'>(16</span> <span class='ocrx_word' id='word_1_105' title='bbox 1442 1257 1668 1321; x_wconf 88' lang='lat' dir='ltr'>Lenegos</span> <span class='ocrx_word' id='word_1_106' title='bbox 1693 1285 1703 1295; x_wconf 93' lang='lat'><strong>·</strong></span> <span class='ocrx_word' id='word_1_107' title='bbox 1729 1255 1959 1320; x_wconf 87' lang='lat' dir='ltr'>Philippo</span> <span class='ocrx_word' id='word_1_108' title='bbox 1995 1255 2056 1302; x_wconf 93' lang='grc'>(16</span> <span class='ocrx_word' id='word_1_109' title='bbox 2092 1253 2221 1302; x_wconf 88' lang='lat' dir='ltr'>valo-</span> 
     </span>
     <span class='ocr_line' id='line_1_12' title="bbox 191 1349 1376 1414; baseline -0.008 -8"><span class='ocrx_word' id='word_1_110' title='bbox 191 1357 281 1406; x_wconf 84' lang='lat' dir='ltr'>niis</span> <span class='ocrx_word' id='word_1_111' title='bbox 304 1383 314 1394; x_wconf 91' lang='lat'><strong>·</strong></span> <span class='ocrx_word' id='word_1_112' title='bbox 338 1355 532 1405; x_wconf 91' lang='lat' dir='ltr'>Malooc</span> <span class='ocrx_word' id='word_1_113' title='bbox 555 1354 656 1402; x_wconf 86' lang='lat' dir='ltr'>filio</span> <span class='ocrx_word' id='word_1_114' title='bbox 682 1352 872 1402; x_wconf 89' lang='lat' dir='ltr'>comitis</span> <span class='ocrx_word' id='word_1_115' title='bbox 897 1381 907 1390; x_wconf 89' lang='lat'><strong>·</strong></span> <span class='ocrx_word' id='word_1_116' title='bbox 934 1358 983 1399; x_wconf 93' lang='lat' dir='ltr'>et</span> <span class='ocrx_word' id='word_1_117' title='bbox 1006 1349 1075 1399; x_wconf 92' lang='lat' dir='ltr'>W</span> <span class='ocrx_word' id='word_1_118' title='bbox 1099 1379 1108 1390; x_wconf 89' lang='lat'><strong>·</strong></span> <span class='ocrx_word' id='word_1_119' title='bbox 1135 1351 1196 1398; x_wconf 93' lang='grc'>(16</span> <span class='ocrx_word' id='word_1_120' title='bbox 1222 1349 1339 1414; x_wconf 87' lang='lat' dir='ltr'>Hay</span> <span class='ocrx_word' id='word_1_121' title='bbox 1366 1386 1376 1396; x_wconf 91' lang='lat'><strong>.</strong></span> 
     </span>
    </p>
   </div>
   <div class='ocr_carea' id='block_1_4' title="bbox 191 1603 1347 1689">
    <p class='ocr_par' dir='ltr' id='par_1_4' title="bbox 191 1603 1347 1689">
     <span class='ocr_line' id='line_1_13' title="bbox 191 1603 1347 1689; baseline -0.008 -14"><span class='ocrx_word' id='word_1_122' title='bbox 191 1603 357 1676; x_wconf 78' lang='lat' dir='ltr'>Carta</span> <span class='ocrx_word' id='word_1_123' title='bbox 378 1625 438 1673; x_wconf 90' lang='grc'>(16</span> <span class='ocrx_word' id='word_1_124' title='bbox 462 1624 643 1689; x_wconf 88' lang='lat' dir='ltr'>Kenny</span> <span class='ocrx_word' id='word_1_125' title='bbox 667 1622 702 1672; x_wconf 87' lang='lat' dir='ltr'>J</span> <span class='ocrx_word' id='word_1_126' title='bbox 705 1622 912 1672; x_wconf 87' lang='lat' dir='ltr'>ohannis</span> <span class='ocrx_word' id='word_1_127' title='bbox 937 1622 997 1670; x_wconf 92' lang='lat' dir='ltr'>de</span> <span class='ocrx_word' id='word_1_128' title='bbox 1025 1619 1311 1685; x_wconf 87' lang='lat' dir='ltr'>Othyrlony</span> <span class='ocrx_word' id='word_1_129' title='bbox 1337 1648 1347 1657; x_wconf 90' lang='lat'><strong>·</strong></span> 
     </span>
    </p>
   </div>
   <div class='ocr_carea' id='block_1_5' title="bbox 43 1783 2219 1864">
    <p class='ocr_par' dir='ltr' id='par_1_5' title="bbox 43 1783 2219 1864">
     <span class='ocr_line' id='line_1_14' title="bbox 43 1783 2219 1864; baseline -0.006 -7"><span class='ocrx_word' id='word_1_130' title='bbox 43 1793 153 1859; x_wconf 78' lang='lat'>306]</span> <span class='ocrx_word' id='word_1_131' title='bbox 195 1783 447 1858; x_wconf 83' lang='lat' dir='ltr'>Omnibus</span> <span class='ocrx_word' id='word_1_132' title='bbox 468 1805 555 1854; x_wconf 84' lang='lat' dir='ltr'>has</span> <span class='ocrx_word' id='word_1_133' title='bbox 577 1805 766 1854; x_wconf 85' lang='lat' dir='ltr'>litteras</span> <span class='ocrx_word' id='word_1_134' title='bbox 792 1803 962 1852; x_wconf 85' lang='lat' dir='ltr'>visuris</span> <span class='ocrx_word' id='word_1_135' title='bbox 986 1802 1065 1851; x_wconf 89' lang='lat' dir='ltr'>vel</span> <span class='ocrx_word' id='word_1_136' title='bbox 1089 1800 1330 1850; x_wconf 87' lang='lat' dir='ltr'>audituris</span> <span class='ocrx_word' id='word_1_137' title='bbox 1355 1798 1596 1848; x_wconf 86' lang='lat' dir='ltr'>Radulfus</span> <span class='ocrx_word' id='word_1_138' title='bbox 1621 1798 1720 1847; x_wconf 89' lang='lat' dir='ltr'>Dei</span> <span class='ocrx_word' id='word_1_139' title='bbox 1743 1798 1913 1864; x_wconf 85' lang='lat' dir='ltr'>gracia</span> <span class='ocrx_word' id='word_1_140' title='bbox 1937 1798 2085 1846; x_wconf 88' lang='lat' dir='ltr'>abbas</span> <span class='ocrx_word' id='word_1_141' title='bbox 2121 1815 2219 1845; x_wconf 91' lang='lat' dir='ltr'>mo-</span> 
     </span>
    </p>
   </div>
   <div class='ocr_carea' id='block_1_6' title="bbox 192 1888 2220 3137">
    <p class='ocr_par' dir='ltr' id='par_1_6' title="bbox 192 1888 2220 3137">
     <span class='ocr_line' id='line_1_15' title="bbox 193 1888 2219 1946; baseline -0.004 -2"><span class='ocrx_word' id='word_1_142' title='bbox 193 1895 384 1946; x_wconf 70' lang='lat' dir='ltr'>naste&#39;i‘ii</span> <span class='ocrx_word' id='word_1_143' title='bbox 410 1896 572 1946; x_wconf 65' lang='lat' dir='ltr'>Sancti</span> <span class='ocrx_word' id='word_1_144' title='bbox 598 1896 788 1945; x_wconf 90' lang='lat' dir='ltr'>Thome</span> <span class='ocrx_word' id='word_1_145' title='bbox 814 1894 1037 1944; x_wconf 89' lang='lat' dir='ltr'>Martiris</span> <span class='ocrx_word' id='word_1_146' title='bbox 1062 1894 1123 1941; x_wconf 89' lang='grc'>(16</span> <span class='ocrx_word' id='word_1_147' title='bbox 1150 1888 1496 1940; x_wconf 88' lang='lat' dir='ltr'>Aberbrothoc</span> <span class='ocrx_word' id='word_1_148' title='bbox 1521 1897 1569 1939; x_wconf 89' lang='lat' dir='ltr'>et</span> <span class='ocrx_word' id='word_1_149' title='bbox 1594 1890 1807 1938; x_wconf 88' lang='lat' dir='ltr'>eiusdem</span> <span class='ocrx_word' id='word_1_150' title='bbox 1831 1889 1928 1937; x_wconf 92' lang='lat' dir='ltr'>loci</span> <span class='ocrx_word' id='word_1_151' title='bbox 1948 1896 2219 1937; x_wconf 87' lang='lat' dir='ltr'>conuentus</span> 
     </span>
     <span class='ocr_line' id='line_1_16' title="bbox 192 1980 2220 2044; baseline -0.004 -8"><span class='ocrx_word' id='word_1_152' title='bbox 192 1993 403 2035; x_wconf 87' lang='lat' dir='ltr'>eternam</span> <span class='ocrx_word' id='word_1_153' title='bbox 426 1987 478 2035; x_wconf 91' lang='lat' dir='ltr'>in</span> <span class='ocrx_word' id='word_1_154' title='bbox 500 1987 717 2035; x_wconf 90' lang='lat' dir='ltr'>Domino</span> <span class='ocrx_word' id='word_1_155' title='bbox 743 1987 945 2035; x_wconf 90' lang='lat' dir='ltr'>salutem</span> <span class='ocrx_word' id='word_1_156' title='bbox 971 2017 981 2027; x_wconf 89' lang='lat'><strong>·</strong></span> <span class='ocrx_word' id='word_1_157' title='bbox 1007 1984 1221 2034; x_wconf 88' lang='lat' dir='ltr'>Nouerit</span> <span class='ocrx_word' id='word_1_158' title='bbox 1250 1980 1539 2030; x_wconf 87' lang='lat' dir='ltr'>vniuerfitas</span> <span class='ocrx_word' id='word_1_159' title='bbox 1575 1981 1737 2029; x_wconf 86' lang='lat' dir='ltr'>vestra</span> <span class='ocrx_word' id='word_1_160' title='bbox 1773 1981 1905 2044; x_wconf 91' lang='lat' dir='ltr'>quod</span> <span class='ocrx_word' id='word_1_161' title='bbox 1940 1997 2051 2029; x_wconf 92' lang='lat' dir='ltr'>cum</span> <span class='ocrx_word' id='word_1_162' title='bbox 2086 1988 2220 2028; x_wconf 85' lang='lat' dir='ltr'>terra</span> 
     </span>
     <span class='ocr_line' id='line_1_17' title="bbox 192 2070 2217 2142; baseline -0.002 -18"><span class='ocrx_word' id='word_1_163' title='bbox 192 2076 250 2124; x_wconf 91' lang='grc'>(16</span> <span class='ocrx_word' id='word_1_164' title='bbox 286 2075 549 2142; x_wconf 86' lang='lat' dir='ltr'>Othirlony</span> <span class='ocrx_word' id='word_1_165' title='bbox 578 2094 671 2141; x_wconf 87' lang='lat' dir='ltr'>que</span> <span class='ocrx_word' id='word_1_166' title='bbox 706 2078 769 2126; x_wconf 89' lang='lat' dir='ltr'>ad</span> <span class='ocrx_word' id='word_1_167' title='bbox 792 2077 1054 2126; x_wconf 88' lang='lat' dir='ltr'>Valterum</span> <span class='ocrx_word' id='word_1_168' title='bbox 1087 2075 1242 2123; x_wconf 91' lang='lat' dir='ltr'>filium</span> <span class='ocrx_word' id='word_1_169' title='bbox 1278 2072 1493 2136; x_wconf 90' lang='lat' dir='ltr'>Turpini</span> <span class='ocrx_word' id='word_1_170' title='bbox 1528 2080 1578 2121; x_wconf 93' lang='lat' dir='ltr'>et</span> <span class='ocrx_word' id='word_1_171' title='bbox 1613 2070 1933 2120; x_wconf 74' lang='lat' dir='ltr'>antecessores</span> <span class='ocrx_word' id='word_1_172' title='bbox 1969 2071 2076 2119; x_wconf 91' lang='lat' dir='ltr'>suos</span> <span class='ocrx_word' id='word_1_173' title='bbox 2110 2072 2217 2119; x_wconf 89' lang='lat' dir='ltr'>iure</span> 
     </span>
     <span class='ocr_line' id='line_1_18' title="bbox 193 2162 2216 2232; baseline -0.002 -17"><span class='ocrx_word' id='word_1_174' title='bbox 193 2166 481 2216; x_wconf 89' lang='lat' dir='ltr'>hereditario</span> <span class='ocrx_word' id='word_1_175' title='bbox 504 2168 780 2232; x_wconf 85' lang='lat' dir='ltr'>pertinebat</span> <span class='ocrx_word' id='word_1_176' title='bbox 814 2166 974 2216; x_wconf 89' lang='lat' dir='ltr'>vfibus</span> <span class='ocrx_word' id='word_1_177' title='bbox 1009 2166 1185 2214; x_wconf 87' lang='lat' dir='ltr'>nostris</span> <span class='ocrx_word' id='word_1_178' title='bbox 1219 2164 1444 2229; x_wconf 89' lang='lat' dir='ltr'>perutilis</span> <span class='ocrx_word' id='word_1_179' title='bbox 1481 2162 1594 2213; x_wconf 81' lang='lat' dir='ltr'>effet</span> <span class='ocrx_word' id='word_1_180' title='bbox 1630 2170 1678 2212; x_wconf 92' lang='lat' dir='ltr'>et</span> <span class='ocrx_word' id='word_1_181' title='bbox 1713 2162 1980 2212; x_wconf 76' lang='lat' dir='ltr'>necessaria</span> <span class='ocrx_word' id='word_1_182' title='bbox 2013 2170 2216 2227; x_wconf 91' lang='lat' dir='ltr'>propter</span> 
     </span>
     <span class='ocr_line' id='line_1_19' title="bbox 194 2254 2217 2323; baseline -0.001 -19"><span class='ocrx_word' id='word_1_183' title='bbox 194 2256 473 2306; x_wconf 90' lang='lat' dir='ltr'>multimoda</span> <span class='ocrx_word' id='word_1_184' title='bbox 495 2256 789 2323; x_wconf 68' lang='lat' dir='ltr'>ayfiamenta</span> <span class='ocrx_word' id='word_1_185' title='bbox 811 2256 1166 2323; x_wconf 89' lang='lat' dir='ltr'>proueniencia</span> <span class='ocrx_word' id='word_1_186' title='bbox 1200 2256 1261 2304; x_wconf 90' lang='lat' dir='ltr'>de</span> <span class='ocrx_word' id='word_1_187' title='bbox 1296 2273 1354 2304; x_wconf 92' lang='lat' dir='ltr'>eo</span> <span class='ocrx_word' id='word_1_188' title='bbox 1391 2257 1525 2320; x_wconf 89' lang='lat' dir='ltr'>quod</span> <span class='ocrx_word' id='word_1_189' title='bbox 1559 2263 1691 2304; x_wconf 89' lang='lat' dir='ltr'>terre</span> <span class='ocrx_word' id='word_1_190' title='bbox 1727 2254 1933 2303; x_wconf 91' lang='lat' dir='ltr'>dominii</span> <span class='ocrx_word' id='word_1_191' title='bbox 1969 2254 2122 2303; x_wconf 87' lang='lat' dir='ltr'>nostri</span> <span class='ocrx_word' id='word_1_192' title='bbox 2157 2255 2217 2302; x_wconf 90' lang='lat' dir='ltr'>de</span> 
     </span>
     <span class='ocr_line' id='line_1_20' title="bbox 196 2345 2217 2413; baseline -0 -19"><span class='ocrx_word' id='word_1_193' title='bbox 196 2345 537 2413; x_wconf 73' lang='lat' dir='ltr'>Dumnethyne</span> <span class='ocrx_word' id='word_1_194' title='bbox 582 2349 840 2397; x_wconf 74' lang='lat' dir='ltr'>coniun8ta</span> <span class='ocrx_word' id='word_1_195' title='bbox 885 2348 942 2398; x_wconf 87' lang='lat' dir='ltr'>fit</span> <span class='ocrx_word' id='word_1_196' title='bbox 989 2355 1038 2396; x_wconf 94' lang='lat' dir='ltr'>et</span> <span class='ocrx_word' id='word_1_197' title='bbox 1085 2347 1318 2411; x_wconf 84' lang='lat' dir='ltr'>contigua</span> <span class='ocrx_word' id='word_1_198' title='bbox 1363 2347 1495 2395; x_wconf 91' lang='lat' dir='ltr'>idem</span> <span class='ocrx_word' id='word_1_199' title='bbox 1536 2346 1773 2395; x_wconf 88' lang='lat' dir='ltr'>Valterus</span> <span class='ocrx_word' id='word_1_200' title='bbox 1819 2346 1884 2394; x_wconf 88' lang='lat' dir='ltr'>ad</span> <span class='ocrx_word' id='word_1_201' title='bbox 1928 2345 2217 2394; x_wconf 90' lang='lat' dir='ltr'>instanciam</span> 
     </span>
     <span class='ocr_line' id='line_1_21' title="bbox 197 2435 2215 2488; baseline 0 -5"><span class='ocrx_word' id='word_1_202' title='bbox 197 2435 404 2484; x_wconf 86' lang='lat' dir='ltr'>nostram</span> <span class='ocrx_word' id='word_1_203' title='bbox 440 2438 498 2486; x_wconf 92' lang='lat' dir='ltr'>de</span> <span class='ocrx_word' id='word_1_204' title='bbox 537 2439 778 2487; x_wconf 89' lang='lat' dir='ltr'>communi</span> <span class='ocrx_word' id='word_1_205' title='bbox 818 2439 1016 2488; x_wconf 88' lang='lat' dir='ltr'>confilio</span> <span class='ocrx_word' id='word_1_206' title='bbox 1057 2438 1326 2487; x_wconf 88' lang='lat' dir='ltr'>amicorum</span> <span class='ocrx_word' id='word_1_207' title='bbox 1367 2437 1561 2486; x_wconf 90' lang='lat' dir='ltr'>suorum</span> <span class='ocrx_word' id='word_1_208' title='bbox 1602 2437 1744 2485; x_wconf 92' lang='lat' dir='ltr'>nobis</span> <span class='ocrx_word' id='word_1_209' title='bbox 1785 2437 1993 2485; x_wconf 90' lang='lat' dir='ltr'>eandem</span> <span class='ocrx_word' id='word_1_210' title='bbox 2033 2444 2215 2486; x_wconf 87' lang='lat' dir='ltr'>terram</span> 
     </span>
     <span class='ocr_line' id='line_1_22' title="bbox 202 2526 2216 2595; baseline 0.001 -23"><span class='ocrx_word' id='word_1_211' title='bbox 202 2526 421 2576; x_wconf 88' lang='lat' dir='ltr'>conceffit</span> <span class='ocrx_word' id='word_1_212' title='bbox 443 2535 490 2576; x_wconf 89' lang='lat' dir='ltr'>et</span> <span class='ocrx_word' id='word_1_213' title='bbox 512 2529 723 2592; x_wconf 87' lang='lat' dir='ltr'>quietam</span> <span class='ocrx_word' id='word_1_214' title='bbox 746 2530 796 2578; x_wconf 93' lang='lat' dir='ltr'>in</span> <span class='ocrx_word' id='word_1_215' title='bbox 819 2537 1110 2595; x_wconf 89' lang='lat' dir='ltr'>perpetuum</span> <span class='ocrx_word' id='word_1_216' title='bbox 1136 2530 1368 2578; x_wconf 87' lang='lat' dir='ltr'>clamauit</span> <span class='ocrx_word' id='word_1_217' title='bbox 1391 2529 1462 2577; x_wconf 90' lang='lat' dir='ltr'>ita</span> <span class='ocrx_word' id='word_1_218' title='bbox 1484 2529 1669 2577; x_wconf 90' lang='lat' dir='ltr'>scilicet</span> <span class='ocrx_word' id='word_1_219' title='bbox 1694 2529 1826 2592; x_wconf 92' lang='lat' dir='ltr'>quod</span> <span class='ocrx_word' id='word_1_220' title='bbox 1848 2545 1939 2592; x_wconf 91' lang='lat' dir='ltr'>pro</span> <span class='ocrx_word' id='word_1_221' title='bbox 1973 2528 2067 2576; x_wconf 91' lang='lat' dir='ltr'>hac</span> <span class='ocrx_word' id='word_1_222' title='bbox 2103 2545 2216 2576; x_wconf 91' lang='lat' dir='ltr'>con-</span> 
     </span>
     <span class='ocr_line' id='line_1_23' title="bbox 204 2613 2217 2683; baseline 0.002 -21"><span class='ocrx_word' id='word_1_223' title='bbox 204 2613 403 2665; x_wconf 88' lang='lat' dir='ltr'>ceffione</span> <span class='ocrx_word' id='word_1_224' title='bbox 441 2625 489 2666; x_wconf 92' lang='lat' dir='ltr'>et</span> <span class='ocrx_word' id='word_1_225' title='bbox 527 2619 687 2683; x_wconf 84' lang='lat' dir='ltr'>quieta</span> <span class='ocrx_word' id='word_1_226' title='bbox 726 2621 1026 2670; x_wconf 89' lang='lat' dir='ltr'>clamacione</span> <span class='ocrx_word' id='word_1_227' title='bbox 1069 2622 1292 2670; x_wconf 87' lang='lat' dir='ltr'>dedimus</span> <span class='ocrx_word' id='word_1_228' title='bbox 1334 2621 1380 2668; x_wconf 91' lang='lat' dir='ltr'>ei</span> <span class='ocrx_word' id='word_1_229' title='bbox 1416 2619 1712 2668; x_wconf 88' lang='lat' dir='ltr'>ascambium</span> <span class='ocrx_word' id='word_1_230' title='bbox 1749 2626 1798 2666; x_wconf 92' lang='lat' dir='ltr'>et</span> <span class='ocrx_word' id='word_1_231' title='bbox 1831 2618 2042 2682; x_wconf 86' lang='lat' dir='ltr'>presenti</span> <span class='ocrx_word' id='word_1_232' title='bbox 2080 2626 2217 2667; x_wconf 86' lang='lat' dir='ltr'>carta</span> 
     </span>
     <span class='ocr_line' id='line_1_24' title="bbox 205 2705 2217 2777; baseline 0.002 -24"><span class='ocrx_word' id='word_1_233' title='bbox 205 2705 364 2755; x_wconf 85' lang='lat' dir='ltr'>nostra</span> <span class='ocrx_word' id='word_1_234' title='bbox 385 2709 715 2759; x_wconf 88' lang='lat' dir='ltr'>confirmamus</span> <span class='ocrx_word' id='word_1_235' title='bbox 738 2719 918 2760; x_wconf 88' lang='lat' dir='ltr'>terram</span> <span class='ocrx_word' id='word_1_236' title='bbox 943 2713 1003 2761; x_wconf 92' lang='lat' dir='ltr'>de</span> <span class='ocrx_word' id='word_1_237' title='bbox 1029 2713 1213 2777; x_wconf 87' lang='lat' dir='ltr'>Kenny</span> <span class='ocrx_word' id='word_1_238' title='bbox 1238 2711 1403 2758; x_wconf 87' lang='lat' dir='ltr'>versus</span> <span class='ocrx_word' id='word_1_239' title='bbox 1429 2710 1737 2757; x_wconf 88' lang='lat' dir='ltr'>occidentem</span> <span class='ocrx_word' id='word_1_240' title='bbox 1771 2708 1823 2755; x_wconf 92' lang='lat' dir='ltr'>in</span> <span class='ocrx_word' id='word_1_241' title='bbox 1858 2707 2018 2756; x_wconf 87' lang='lat' dir='ltr'>schira</span> <span class='ocrx_word' id='word_1_242' title='bbox 2051 2708 2217 2757; x_wconf 86' lang='lat' dir='ltr'>nostra</span> 
     </span>
     <span class='ocr_line' id='line_1_25' title="bbox 205 2795 2215 2862; baseline 0.002 -19"><span class='ocrx_word' id='word_1_243' title='bbox 205 2796 264 2844; x_wconf 89' lang='grc'>(16</span> <span class='ocrx_word' id='word_1_244' title='bbox 289 2795 625 2862; x_wconf 90' lang='lat' dir='ltr'>Kyngoldrum</span> <span class='ocrx_word' id='word_1_245' title='bbox 642 2827 652 2838; x_wconf 94' lang='lat'><strong>·</strong></span> <span class='ocrx_word' id='word_1_246' title='bbox 671 2800 956 2852; x_wconf 90' lang='lat' dir='ltr'>Tenendam</span> <span class='ocrx_word' id='word_1_247' title='bbox 981 2804 1068 2851; x_wconf 81' lang='lat' dir='ltr'>fibi</span> <span class='ocrx_word' id='word_1_248' title='bbox 1092 2811 1141 2852; x_wconf 88' lang='lat' dir='ltr'>et</span> <span class='ocrx_word' id='word_1_249' title='bbox 1163 2801 1425 2850; x_wconf 89' lang='lat' dir='ltr'>heredibus</span> <span class='ocrx_word' id='word_1_250' title='bbox 1450 2799 1544 2847; x_wconf 90' lang='lat' dir='ltr'>suis</span> <span class='ocrx_word' id='word_1_251' title='bbox 1564 2799 1624 2847; x_wconf 92' lang='grc'>(16</span> <span class='ocrx_word' id='word_1_252' title='bbox 1644 2798 1784 2846; x_wconf 90' lang='lat' dir='ltr'>nobis</span> <span class='ocrx_word' id='word_1_253' title='bbox 1804 2805 1853 2846; x_wconf 92' lang='lat' dir='ltr'>et</span> <span class='ocrx_word' id='word_1_254' title='bbox 1870 2798 2215 2848; x_wconf 76' lang='lat' dir='ltr'>successoribus</span> 
     </span>
     <span class='ocr_line' id='line_1_26' title="bbox 203 2886 2216 2955; baseline 0.003 -23"><span class='ocrx_word' id='word_1_255' title='bbox 203 2886 374 2934; x_wconf 86' lang='lat' dir='ltr'>nostris</span> <span class='ocrx_word' id='word_1_256' title='bbox 397 2886 732 2953; x_wconf 89' lang='lat' dir='ltr'>inperpetuum</span> <span class='ocrx_word' id='word_1_257' title='bbox 757 2909 866 2940; x_wconf 92' lang='lat' dir='ltr'>cum</span> <span class='ocrx_word' id='word_1_258' title='bbox 888 2893 1168 2942; x_wconf 89' lang='lat' dir='ltr'>hominibus</span> <span class='ocrx_word' id='word_1_259' title='bbox 1191 2893 1287 2941; x_wconf 89' lang='lat' dir='ltr'>suis</span> <span class='ocrx_word' id='word_1_260' title='bbox 1311 2891 1491 2940; x_wconf 88' lang='lat' dir='ltr'>natiuis</span> <span class='ocrx_word' id='word_1_261' title='bbox 1516 2892 1578 2939; x_wconf 91' lang='lat' dir='ltr'>de</span> <span class='ocrx_word' id='word_1_262' title='bbox 1603 2890 1787 2955; x_wconf 88' lang='lat' dir='ltr'>Kenny</span> <span class='ocrx_word' id='word_1_263' title='bbox 1813 2906 1922 2937; x_wconf 93' lang='lat' dir='ltr'>cum</span> <span class='ocrx_word' id='word_1_264' title='bbox 1954 2890 2216 2939; x_wconf 83' lang='lat' dir='ltr'>merc-hetis</span> 
     </span>
     <span class='ocr_line' id='line_1_27' title="bbox 202 2976 2215 3046; baseline 0.003 -24"><span class='ocrx_word' id='word_1_265' title='bbox 202 2983 250 3023; x_wconf 91' lang='lat' dir='ltr'>et</span> <span class='ocrx_word' id='word_1_266' title='bbox 272 2976 519 3026; x_wconf 91' lang='lat' dir='ltr'>blodwetis</span> <span class='ocrx_word' id='word_1_267' title='bbox 551 2978 797 3030; x_wconf 89' lang='lat' dir='ltr'>hominum</span> <span class='ocrx_word' id='word_1_268' title='bbox 832 2983 1024 3032; x_wconf 89' lang='lat' dir='ltr'>suorum</span> <span class='ocrx_word' id='word_1_269' title='bbox 1061 2983 1373 3032; x_wconf 89' lang='lat' dir='ltr'>manencium</span> <span class='ocrx_word' id='word_1_270' title='bbox 1409 2983 1552 3046; x_wconf 88' lang='lat' dir='ltr'>super</span> <span class='ocrx_word' id='word_1_271' title='bbox 1586 2981 1859 3045; x_wconf 65' lang='lat' dir='ltr'>predi&amp;am</span> <span class='ocrx_word' id='word_1_272' title='bbox 1894 2987 2076 3028; x_wconf 87' lang='lat' dir='ltr'>terram</span> <span class='ocrx_word' id='word_1_273' title='bbox 2111 2983 2215 3029; x_wconf 90' lang='lat' dir='ltr'>nos-</span> 
     </span>
     <span class='ocr_line' id='line_1_28' title="bbox 202 3068 2216 3137; baseline 0.004 -25"><span class='ocrx_word' id='word_1_274' title='bbox 202 3074 324 3113; x_wconf 90' lang='lat' dir='ltr'>tram</span> <span class='ocrx_word' id='word_1_275' title='bbox 348 3081 454 3114; x_wconf 90' lang='lat' dir='ltr'>cum</span> <span class='ocrx_word' id='word_1_276' title='bbox 477 3068 697 3119; x_wconf 89' lang='lat' dir='ltr'>libertate</span> <span class='ocrx_word' id='word_1_277' title='bbox 721 3079 768 3120; x_wconf 86' lang='lat' dir='ltr'>et</span> <span class='ocrx_word' id='word_1_278' title='bbox 791 3073 956 3137; x_wconf 90' lang='lat' dir='ltr'>quieta</span> <span class='ocrx_word' id='word_1_279' title='bbox 979 3074 1278 3123; x_wconf 88' lang='lat' dir='ltr'>clamacione</span> <span class='ocrx_word' id='word_1_280' title='bbox 1303 3073 1515 3122; x_wconf 89' lang='lat' dir='ltr'>multure</span> <span class='ocrx_word' id='word_1_281' title='bbox 1541 3073 1602 3120; x_wconf 92' lang='grc'>(16</span> <span class='ocrx_word' id='word_1_282' title='bbox 1638 3072 1782 3119; x_wconf 92' lang='lat' dir='ltr'>domo</span> <span class='ocrx_word' id='word_1_283' title='bbox 1816 3071 1900 3119; x_wconf 91' lang='lat' dir='ltr'>sua</span> <span class='ocrx_word' id='word_1_284' title='bbox 1932 3072 2134 3135; x_wconf 88' lang='lat' dir='ltr'>propria</span> <span class='ocrx_word' id='word_1_285' title='bbox 2167 3082 2216 3121; x_wconf 89' lang='lat' dir='ltr'>et</span> 
     </span>
    </p>
   </div>
   <div class='ocr_carea' id='block_1_7' title="bbox 38 3159 2216 3247">
    <p class='ocr_par' dir='ltr' id='par_1_7' title="bbox 38 3159 2216 3247">
     <span class='ocr_line' id='line_1_29' title="bbox 38 3159 2216 3247; baseline 0.003 -42"><span class='ocrx_word' id='word_1_286' title='bbox 38 3178 41 3247; x_wconf 31' lang='grc' dir='ltr'>ζ</span> <span class='ocrx_word' id='word_1_287' title='bbox 119 3166 125 3170; x_wconf 81' lang='grc'><em>“</em></span> <span class='ocrx_word' id='word_1_288' title='bbox 205 3173 311 3204; x_wconf 91' lang='lat' dir='ltr'>cum</span> <span class='ocrx_word' id='word_1_289' title='bbox 335 3159 553 3208; x_wconf 90' lang='lat' dir='ltr'>omnibus</span> <span class='ocrx_word' id='word_1_290' title='bbox 578 3161 684 3210; x_wconf 85' lang='lat' dir='ltr'>aliis</span> <span class='ocrx_word' id='word_1_291' title='bbox 705 3165 1021 3227; x_wconf 88' lang='lat' dir='ltr'>pertinenciis</span> <span class='ocrx_word' id='word_1_292' title='bbox 1047 3166 1139 3214; x_wconf 89' lang='lat' dir='ltr'>suis</span> <span class='ocrx_word' id='word_1_293' title='bbox 1170 3166 1325 3214; x_wconf 89' lang='lat' dir='ltr'>libere</span> <span class='ocrx_word' id='word_1_294' title='bbox 1357 3172 1406 3213; x_wconf 94' lang='lat' dir='ltr'>et</span> <span class='ocrx_word' id='word_1_295' title='bbox 1442 3163 1607 3228; x_wconf 89' lang='lat' dir='ltr'>quiete</span> <span class='ocrx_word' id='word_1_296' title='bbox 1622 3162 1843 3227; x_wconf 87' lang='lat' dir='ltr'>plenarie</span> <span class='ocrx_word' id='word_1_297' title='bbox 1873 3170 1921 3211; x_wconf 89' lang='lat' dir='ltr'>et</span> <span class='ocrx_word' id='word_1_298' title='bbox 1947 3162 2216 3212; x_wconf 90' lang='lat' dir='ltr'>honorifice</span> 
     </span>
    </p>
   </div>
  </div>
 </body>
</html>
