2554 3900
391 414 488 485 266
728 464 730 466 v
845 434 1267 485 REGISTRUM
1301 435 1397 484 DE
1434 436 1986 487 ABERBROTHOC.

394 567 625 615 cefforum
651 584 871 615 meorum
897 566 1167 616 conceffifl'e
1193 574 1241 615 et
1264 567 1357 615 hac
1386 569 1601 632 presenti
1627 576 1763 618 carta
1787 585 1897 616 mea
1922 568 2220 617 confirmasse
2245 568 2355 617 Deo
2382 578 2430 618 et

395 644 594 707 ecclesie
635 658 801 707 Sancti
841 658 1032 706 Thome
1064 642 1278 706 martiris
1314 658 1374 706 de
1399 658 1690 724 Abyrbroth
1728 667 1777 708 et
1809 659 2069 707 Monachis
2101 659 2282 707 ibidem
2319 659 2430 708 Deo

398 750 720 798 seruientibus
767 756 815 797 et
854 749 1201 813 inperpetuum
1239 749 1490 797 seruituris
1525 750 1850 799 donacionem
1884 751 2020 798 illam
2056 767 2200 813 quam
2240 750 2430 815 Fergus

321 884 324 889 .
399 859 559 890 comes
583 843 643 889 de
669 841 884 889 chhan
909 856 1028 888 auus
1051 856 1189 887 meus
1212 840 1329 888 fecit
1351 840 1403 888 in
1426 848 1715 904 perpetuam
1733 840 2044 889 elemosinam
2063 842 2124 888 de
2145 859 2241 889 vna
2264 858 2431 890 marca
2520 831 2549 901 pf*-

398 933 591 996 argenti
615 931 684 980 eis
708 931 772 978 ad
806 929 1069 979 terminum
1092 929 1407 978 Pentecostes
1442 930 1695 979 annuatim
1732 931 1964 979 soluenda
1988 959 1998 970 ·
2035 930 2100 979 Et
2134 931 2281 980 etiam
2319 949 2431 980 con·

399 1023 654 1072 ceffionem
676 1021 811 1069 illam
835 1028 883 1069 et
916 1020 1338 1069 confirmationem
1372 1037 1518 1084 quam
1552 1021 1680 1068 bone
1714 1021 1951 1069 memorie
1976 1021 2262 1086 Margareta
2286 1023 2434 1070 comi·
2515 1052 2519 1054 v

397 1112 502 1163 tiffa
526 1114 586 1161 de
610 1112 817 1160 Buchan
840 1119 998 1159 mater
1021 1128 1131 1159 mea
1153 1111 1206 1158 in
1230 1111 1473 1174 legittima
1488 1110 1724 1174 potestate
1751 1111 2002 1160 uiduitatis
2026 1112 2107 1160 sue
2133 1112 2343 1161 existens
2370 1114 2430 1160 de

396 1203 615 1269 predicta
652 1220 820 1251 marca
860 1202 1038 1250 eisdem
1078 1201 1195 1249 fecit
1238 1231 1247 1241 ·
1299 1200 1466 1258 Quare
1508 1201 1621 1248 uolo
1669 1209 1717 1250 et
1756 1202 1850 1250 hac
1891 1203 2105 1266 presenti
2147 1211 2284 1251 carta
2323 1221 2433 1252 mea
2524 1256 2533 1267 ὓ

398 1295 630 1343 confirmo
655 1302 708 1341 ut
732 1293 910 1357 prefati
944 1292 1173 1340 monachi
1206 1292 1476 1356 predistam
1509 1307 1726 1341 marcam
1762 1294 1956 1358 argenti
1980 1312 2010 1342 a
2032 1296 2223 1358 prefato
2248 1294 2443 1360 Fergus
2514 1280 2533 1331 s?

398 1403 489 1434 auo
514 1402 622 1433 meo
647 1385 717 1433 eis
739 1383 1006 1432 conceffam
1032 1391 1080 1432 et
1104 1384 1332 1432 collatam
1369 1391 1415 1431 et
1452 1400 1482 1430 a
1514 1383 1734 1447 predic-‘ta
1768 1392 1923 1433 matre
1939 1398 2058 1433 'mea
2082 1393 2134 1433 ut
2160 1385 2340 1433 dictum
2366 1386 2434 1434 est

397 1477 666 1526 concessam
700 1482 749 1524 et
784 1476 1117 1524 confirmatam
1142 1476 1202 1523 de
1238 1492 1315 1523 me
1351 1482 1400 1523 et
1434 1474 1696 1523 heredibus
1728 1476 1850 1523 meis
1874 1477 1938 1524 ad
1961 1476 2144 1524 didum
2170 1477 2432 1525 terminum

2508 1543 2517 1558 ι

396 1567 707 1616 Pentecostes
741 1567 794 1614 in
827 1566 1034 1614 liberam
1069 1573 1118 1614 et
1151 1583 1326 1629 puram
1356 1573 1404 1614 et
1437 1572 1727 1630 perpetuam
1763 1564 2072 1613 elemofinam
2099 1566 2159 1613 de
2185 1565 2433 1613 territorio

395 1675 505 1706 meo
522 1658 584 1706 de
602 1657 897 1722 Fothneuyn
921 1674 1011 1721 per
1032 1674 1206 1704 manus
1229 1656 1399 1705 balliui
1418 1656 1515 1704 mei
1540 1655 1624 1720 qui
1642 1672 1732 1720 pro
1758 1662 1978 1719 tempore
2004 1656 2153 1703 fuerit
2178 1655 2430 1704 annuatim
2506 1651 2524 1677 ¹

395 1749 669 1814 percipiant
693 1755 742 1796 et
765 1748 978 1796 habeant
1000 1748 1071 1796 ita
1095 1747 1247 1795 libere
1272 1754 1321 1795 et
1345 1746 1508 1810 quiete
1534 1745 1654 1796 ficut
1674 1754 1812 1795 carta
1835 1746 2044 1811 predi&i
2069 1746 2258 1811 Fergus
2285 1747 2432 1794 comi-
2550 1802 2551 1808 ἵ

392 1841 453 1889 tis
489 1848 538 1888 et
575 1839 811 1888 conceffio
848 1846 897 1887 et
933 1838 1238 1886 confirmatio
1275 1837 1559 1902 Margarete
1595 1837 1766 1886 matris
1801 1854 1908 1885 mee
1943 1839 2086 1900 super
2110 1837 2205 1885 hoc
2239 1837 2432 1900 plenius
2548 1873 2549 1879 κ

392 1932 631 1980 testantur
668 1930 938 1979 -Preterea
973 1930 1190 1978 concedo
1227 1937 1276 1978 et
1308 1928 1522 1993 presenti
1558 1936 1696 1977 carta
1730 1946 1839 1977 mea
1874 1928 2109 1976 confirmo
2144 1945 2235 1991 pro
2270 1944 2348 1975 me
2386 1936 2433 1976 et

391 2023 652 2071 heredibus
686 2022 806 2069 meis
841 2038 931 2084 pro
967 2020 1118 2069 salute
1154 2021 1314 2069 anime
1352 2037 1459 2068 mee
1493 2027 1541 2069 et
1577 2021 1794 2068 omnium
1831 2019 2183 2069 antecessorum
2213 2036 2432 2067 meorum
2497 2009 2546 2078 ζ-

393 2122 440 2162 et
464 2112 783 2162 successorum
806 2129 1028 2161 meorum
1051 2112 1283 2176 predictis
1317 2111 1577 2160 Monachis
1600 2112 1853 2161 licentiam
1888 2111 2023 2159 illam
2054 2110 2284 2158 firmandi
2308 2110 2433 2174 stag·
2492 2121 2519 2187 ὲ,

395 2222 509 2252 num
533 2205 675 2267 super
701 2212 885 2253 terram
908 2220 1067 2251 meam
1092 2203 1153 2251 de
1171 2202 1375 2251 Fordun
1395 2220 1541 2267 quam
1558 2204 1780 2268 predi8ca
1801 2210 1959 2251 mater
1982 2219 2093 2250 mea
2116 2202 2166 2249 in
2190 2201 2434 2266 legittima

393 2297 629 2359 potestate
656 2295 906 2344 uiduitatis
932 2296 1011 2343 sue
1047 2295 1258 2343 existens
1289 2295 1470 2344 eisdem
1494 2295 1803 2344 confirmauit
1828 2294 1949 2343 ficut
1974 2301 2110 2342 carta
2134 2294 2218 2340 sua
2240 2291 2433 2359 plenius

395 2387 596 2436 testatur
613 2416 622 2427 ·
644 2388 757 2435 Hiis
777 2387 977 2436 testibus
996 2388 1206 2437 dominis
1225 2387 1504 2453 Reginaldo
1531 2387 1591 2436 de
1609 2387 1779 2435 Kener
1800 2416 1809 2426 ·
1831 2387 2050 2435 Roberto
2075 2386 2136 2433 de
2159 2384 2401 2447 Walchop
2421 2413 2430 2422 ·

396 2479 660 2528 Malcolmo
686 2480 746 2527 de
775 2479 1005 2528 Morauia
1027 2506 1038 2517 ·
1074 2479 1297 2527 Henrico
1336 2480 1397 2528 de
1435 2479 1732 2527 Dundemur
1758 2507 1768 2517 ·
1808 2478 2013 2526 Serlone
2039 2477 2100 2524 de
2134 2475 2284 2525 Seton
2310 2475 2429 2523 mili·

394 2571 520 2619 tibus
547 2600 555 2610 ·
581 2570 819 2635 magistro
846 2570 1043 2634 Rogero
1069 2571 1129 2619 de
1154 2570 1312 2619 Derbi
1337 2576 1629 2635 precentore
1655 2568 1983 2618 Abirdonenfi
2011 2596 2020 2606 ·
2049 2567 2246 2632 Rogero
2270 2574 2431 2630 pater·

393 2662 556 2710 noster
582 2661 761 2710 clerico
787 2669 835 2733 et
858 2661 1023 2709 multis
1055 2661 1161 2725 alijs
1185 2689 1195 2699 ·
2493 2658 2496 2662 ’

396 2848 691 2920 Conuentio
728 2870 858 2917 inter
894 2870 1056 2918 locum
1093 2878 1142 2918 et
1166 2870 1508 2918 Alexandrum
1544 2869 1751 2935 Cwmyn
1788 2869 2014 2917 comitem
2040 2868 2100 2916 de
2137 2867 2340 2915 Buchan
2372 2868 2431 2914 de

397 2961 540 3009 terris
563 2960 884 3024 infrascriptis
910 2990 919 2999 ·

217 3118 356 3183 [311]
404 3096 577 3166 Anno
612 3117 767 3180 gratie
802 3115 1054 3164 millefimo
1089 3080 1420 3165 ducentesimo
1455 3117 1748 3182 sexagesimo
1781 3117 1953 3181 quinto
1978 3117 2043 3164 ad
2065 3116 2240 3164 festum
2269 3114 2431 3163 Sanffl

400 3206 604 3254 Martini
631 3207 684 3254 in
709 3224 849 3272 yeme
885 3207 963 3255 Ita
987 3207 1219 3255 conuenit
1242 3207 1373 3255 inter
1397 3208 1642 3256 Abbatem
1677 3210 1737 3256 de
1763 3207 2110 3256 Aberbrothoc
2136 3215 2185 3255 et
2218 3206 2429 3254 eiusdem
