2554 3900
402 435 497 478 288
847 428 1267 479 REGISTRUM
1300 428 1396 476 DE
1433 423 1988 475 ABERBROTHOC.

400 579 670 625 grauamen
708 569 940 625 tanquam
989 578 1018 608 a
1065 577 1183 608 cura
1220 569 1268 608 et
1305 558 1725 606 administratione
1773 557 1889 604 dicti
1930 556 2212 604 monasterii
2251 557 2434 620 seques-

402 660 558 700 tratus
593 679 603 690 ·
640 652 705 700 Et
746 653 878 715 quod
913 650 1307 714 procuratorium
1346 650 1478 712 quod
1518 649 1604 696 fibi
1643 646 1958 696 conceffimus
1999 647 2189 694 ratione
2234 646 2432 696 ecclefie

402 743 566 791 nostre
602 743 662 790 de
699 740 973 790 Hautwifill
1006 757 1097 804 pro
1139 740 1419 787 omnimoda
1442 739 1650 787 vtilitate
1690 737 1973 784 monasterii
2010 736 2163 784 nostri
2201 745 2434 800 quantum

402 834 464 880 ad
503 833 680 880 dictam
722 830 972 880 ecclefiam
1010 830 1323 894 procuranda
1360 836 1475 878 ante
1515 830 1684 877 datum
1720 828 2016 897 presentium
2056 844 2145 890 per
2184 828 2435 876 biennium
2493 879 2525 906 3

400 923 741 972 reuocauimus
776 931 825 970 et
860 921 1021 969 adhuc
1058 929 1229 969 tenore
1263 920 1569 983 presencium
1604 936 1893 968 reuocamus
1928 948 1939 958 ·
1976 919 2125 967 Vnde
2154 936 2184 966 a
2215 927 2434 982 tempore
2486 919 2525 956 J

401 1015 638 1062 dictarum
681 1011 900 1060 ceflionis
943 1019 991 1059 et
1031 1010 1368 1059 reuocacionis
1409 1017 1642 1073 tanquam
1683 1011 1832 1058 abbas
1873 1010 1949 1057 ve]
1997 1017 2291 1073 procurator
2337 1027 2434 1057 non
2484 991 2522 1090 {33

399 1112 592 1168 poterat
642 1105 703 1151 de
756 1103 896 1151 bonis
945 1101 1227 1149 monasterii
1280 1100 1496 1149 alienare
1533 1100 1611 1148 vel
1652 1100 1945 1149 contrahere
1986 1100 2068 1147 seu
2109 1100 2434 1164 quodcunque
2480 1101 2521 1168 ἷξε,

401 1195 534 1242 aliud
566 1195 728 1242 facere
762 1194 893 1257 quod
928 1193 1056 1240 dicto
1093 1191 1388 1239 monasterio
1419 1192 1586 1239 nostro
1621 1189 1733 1239 effet
1767 1190 2093 1254 preiudicium
2130 1190 2390 1239 allaturum
2425 1220 2434 1229 ·
2483 1242 2521 1265 3

401 1286 465 1333 Et
489 1285 523 1332 fi
549 1285 667 1348 quid
691 1284 797 1348 post
820 1284 914 1332 hoc
940 1283 1278 1332 contrahendo
1303 1281 1666 1349 velbalienando
1700 1299 1790 1344 per
1821 1281 1974 1344 ipsum
2007 1281 2155 1328 fuerit
2179 1289 2434 1346 attempta·
2482 1347 2508 1369 ᾗ

400 1386 503 1424 tum
545 1377 598 1423 in
644 1375 971 1439 preiudicium
1013 1373 1294 1423 monasterii
1331 1373 1562 1421 antedicti
1604 1373 1784 1420 factum
1830 1373 1967 1420 suum
2015 1372 2212 1420 omnino
2259 1373 2435 1437 impro-
2471 1374 2551 1447 {⁸1

397 1469 570 1515 bamus
596 1474 644 1515 et
678 1466 974 1514 detestamur
1010 1466 1140 1529 apud
1170 1481 1337 1512 omnes
1373 1493 1382 1502 -
1420 1463 1485 1522 Et
1515 1463 1610 1511 hoc
1647 1463 1871 1511 omnibus
1908 1479 2116 1526 quorum
2151 1464 2355 1512 interest
2386 1473 2434 1513 et
2482 1462 2520 1517 Τ

399 1558 572 1621 quibus
608 1556 678 1605 est
714 1538 1077 1621 significandum
1115 1555 1441 1620 significamus
1475 1571 1565 1618 per
1599 1554 1846 1618 presentes
1883 1582 1893 1592 ·
1931 1553 1992 1601 In
2029 1553 2166 1602 cuius
2202 1554 2275 1602 rei
2304 1555 2494 1602 testi·
2552 1621 2553 1624 ,

398 1648 617 1695 monium
662 1647 968 1711 presentibus
1017 1646 1227 1710 figillum
1267 1662 1524 1694 commune
1565 1645 1771 1709 capituli
1810 1644 1964 1692 nostri
2006 1644 2077 1692 est
2122 1646 2386 1709 appensum
2420 1675 2431 1686 ·

397 1738 582 1787 Datum
624 1739 677 1785 in
714 1737 930 1801 capitulo
965 1738 1131 1785 nostro
1168 1737 1298 1800 apud
1322 1735 1670 1784 Aberbrothoe
1695 1722 1919 1784 vicefimo
1955 1736 2035 1784 die
2060 1728 2273 1801 Augusti
2305 1753 2432 1784 anno
2468 1735 2470 1738 ’
2552 1755 2554 1777 :

396 1828 600 1877 Domini
625 1827 876 1875 millefimo
902 1827 1241 1876 trecentesimo
1266 1828 1590 1875 duodecimo·
2460 1815 2472 1819 '¹
2503 1814 2512 1830 ³

396 2069 668 2154 obligatio
691 2107 782 2154 pro
806 2090 1146 2155 redemptione
1170 2090 1399 2138 monachi
1423 2091 1605 2154 captiui
1630 2091 1858 2140 facienda
1882 2120 1892 2129 -

213 2257 351 2322 [333]
396 2250 708 2321 Venerabili
743 2272 795 2319 in
834 2272 1030 2321 Christo
1061 2273 1191 2336 patri
1223 2272 1420 2340 domino
1456 2272 1569 2320 Ade
1605 2272 1703 2321 Dei
1727 2273 1897 2337 gracia
1921 2274 2083 2322 abbati
2109 2276 2169 2323 de
2195 2275 2428 2340 Kylwyn-
2546 2321 2548 2324 ,

396 2379 499 2426 nyn
546 2361 722 2410 Frater
759 2362 1043 2411 Bernardus
1081 2364 1292 2411 eiusdem
1339 2362 1646 2427 permiffione
1693 2365 1842 2413 abbas
1889 2367 1949 2413 de
1988 2366 2334 2415 Aberbrothoe
2379 2374 2427 2415 et

397 2452 611 2500 eiusdem
635 2452 732 2499 loci
756 2461 1028 2502 conuentus
1053 2454 1254 2502 salutem
1287 2461 1336 2502 et
1369 2454 1682 2514 finceramin
1707 2454 1940 2508 Domino⁴
1961 2457 2214 2506 caritatem
2251 2486 2261 2495 ·
2299 2457 2426 2516 Quia
2460 2443 2554 2509 7¹³³

396 2559 554 2606 nuper
599 2542 932 2590 intelleximus
973 2545 1104 2606 quod
1143 2545 1297 2593 frater
1337 2543 1370 2593 J
1376 2545 1592 2593 ohannes
1633 2546 1818 2594 dudum
1860 2548 2006 2595 abbas
2047 2548 2328 2596 monasterii
2366 2549 2426 2597 de
2459 2534 2554 2616 ζ

396 2632 742 2682 Aberbrothoe
767 2640 816 2680 et
837 2634 983 2683 modo
1007 2634 1208 2698 fimplex
1230 2637 1498 2685 monachus
1531 2638 1591 2685 de
1622 2655 1802 2701 guerra
1835 2647 2004 2702 captus
2034 2640 2125 2689 fuit
2156 2640 2207 2687 in
2244 2640 2428 2704 Anglia
2465 2635 2519 2699 ,1·’,
2552 2641 2554 2662 ³

397 2738 485 2784 per
509 2721 712 2769 Petrum
738 2722 798 2769 de
827 2721 1114 2772 Stratheren
1141 2725 1223 2772 seu
1252 2742 1341 2789 per
1365 2727 1595 2789 quosdam
1622 2729 1683 2776 de
1720 2729 1905 2778 familia
1938 2731 2085 2794 ipfius
2120 2740 2168 2780 et
2203 2721 2426 2780 detentus
2458 2707 2517 2791 ³3
2550 2776 2554 2778 ,

398 2813 467 2860 est
502 2821 735 2875 tanquam
771 2813 996 2876 captiuus
1031 2831 1182 2877 penes
1219 2815 1345 2878 ipsos
1384 2834 1474 2881 pro
1515 2819 1860 2883 redempcione
1897 2821 2125 2869 facienda
2159 2850 2169 2860 ·
2207 2821 2426 2870 Paterni·

399 2910 548 2950 tatem
572 2902 778 2951 vestram
804 2903 1060 2951 affectuose
1084 2904 1310 2953 duximus
1341 2906 1639 2958 exorandam
1675 2912 1904 2974 quatinus
1936 2912 2155 2960 eundem
2181 2913 2242 2960 de
2276 2912 2424 2961 mani·
2456 2892 2551 2975 {5

335 2973 340 2981 ’
401 2994 486 3040 bus
525 2993 736 3056 ipsorum
777 2994 1042 3044 liberantes
1081 3013 1172 3059 pro
1211 2997 1314 3061 ipso
1357 3000 1516 3048 velitis
1557 3001 1756 3049 nomine
1797 3003 1962 3049 nostro
2002 3003 2268 3051 fideiubere
2302 3029 2313 3041 ·
2348 3003 2424 3051 Ita
2456 3023 2550 3081 ,Β

401 3083 630 3132 videlicet
649 3085 781 3147 quod
804 3084 839 3132 fi
864 3084 1089 3136 discretio
1114 3087 1299 3138 domini
1323 3091 1476 3138 nostri
1501 3091 1631 3156 regis
1656 3099 1705 3141 et
1725 3092 1910 3140 consilii
1930 3092 1999 3140 sui
2018 3093 2277 3142 dictauerit
2295 3094 2423 3157 quod
2459 3151 2513 3175 3
2531 3144 2543 3171 3

398 3178 489 3241 Pro
523 3173 609 3222 tali
643 3173 848 3238 fimplici
883 3176 1123 3224 monacho
1158 3178 1437 3243 redempcio
1471 3181 1619 3234 fuerit
1653 3182 1880 3233 facienda
1908 3186 1925 3231 ἐ
1957 3184 2020 3235 ad
2054 3183 2310 3232 arbitrium
2345 3200 2420 3231 eo·
2461 3212 2512 3239 2
2531 3172 2543 3264 f
