2554 3900
30 2395 34 2528 ι

626 387 1049 439 REGISTRUM
1082 387 1180 437 DE
1215 388 1771 441 ABERBROTHOC.
2119 395 2213 450 277

182 521 408 588 prediffls
444 520 662 584 personis
698 520 990 569 sufficienter
1027 520 1186 569 focale
1224 528 1323 569 tam
1360 521 1412 569 in
1448 522 1562 570 aula
1597 530 1644 570 et
1681 523 1734 571 in
1764 539 1959 572 camera
1992 542 2137 588 quam
2161 527 2213 575 in

183 611 389 677 coquina
412 639 422 650 ·
449 610 583 659 albas
608 610 838 660 candelas
863 612 924 659 de
962 611 1075 675 sepo
1111 628 1206 675 que
1242 613 1491 677 wlgariter
1526 626 1876 679 nuncupantur
1912 617 2117 666 candele
2153 619 2214 667 de

181 703 308 769 peris
331 729 341 742 ·
365 702 616 751 lecterium
643 730 654 741 ·
680 700 999 751 stramentum
1022 702 1075 751 in
1101 702 1214 751 aula
1237 711 1286 752 et
1310 721 1506 752 camera
1530 711 1579 752 et
1602 703 1670 753 sal
1693 722 1784 769 pro
1808 705 1983 754 menfis
2008 733 2018 743 ·
2057 705 2154 755 Sed
2179 707 2214 755 fi

181 794 324 845 abbas
348 793 426 841 vel
448 791 677 841 monachi
701 792 770 841 sui
803 793 970 842 clerici
1009 801 1094 843 aut
1132 795 1367 844 attornati
1404 794 1474 842 sui
1510 795 1717 859 prediffl
1755 795 1882 844 vltra
1915 803 2015 845 tres
2050 799 2214 846 no&es

181 883 407 934 continue
430 882 657 946 hospitati
681 883 865 933 fuerint
890 884 1048 933 di&us
1076 885 1320 933 Ricardus
1356 892 1441 934 aut
1463 885 1668 934 heredes
1693 887 1764 935 sui
1790 904 1890 935 non
1915 888 2213 937 tenebuntur

179 991 266 1040 pro
289 973 375 1024 illa
397 973 504 1045 vice
536 974 600 1022 ad
636 974 794 1022 focale
827 982 877 1023 et
914 975 1049 1024 albas
1088 977 1318 1025 candelas
1356 977 1439 1025 sed
1473 978 1638 1026 omnia
1672 978 1770 1027 alia
1802 995 1955 1028 onera
1985 979 2213 1028 subibunt

179 1082 267 1131 pro
289 1081 426 1114 mora
446 1064 761 1129 personarum
784 1066 1116 1129 predictarum
1141 1074 1190 1116 et
1213 1085 1383 1117 eorum
1407 1068 1593 1117 familia
1611 1098 1621 1108 ·
1648 1069 1884 1118 Preterea
1907 1087 2019 1119 cum
2042 1071 2209 1134 nuneij

181 1156 256 1206 vel
292 1155 508 1205 cursores
548 1156 737 1205 abbatis
783 1156 1145 1207 interuenerint
1191 1159 1255 1206 ad
1299 1158 1643 1223 hospitandum
1684 1159 1784 1208 fine
1825 1161 2211 1210 contradictione

179 1247 494 1298 admittentur
513 1273 523 1284 ·
548 1248 611 1295 ad
634 1248 852 1312 sumptus
877 1256 1040 1298 tamen
1064 1267 1156 1314 pro
1181 1249 1378 1313 cibarijs
1402 1250 1499 1298 suis
1517 1250 1649 1299 idem
1673 1250 1918 1300 Ricardus
1937 1259 1987 1301 et
2003 1252 2210 1302 heredes

179 1338 248 1387 sui
270 1354 365 1387 non
392 1338 689 1386 tenebuntur
713 1365 723 1375 ·
748 1338 992 1388 Volumus
1017 1341 1166 1389 etiam
1190 1342 1323 1405 quod
1345 1341 1502 1390 dictus
1526 1342 1573 1390 R
1604 1369 1615 1380 ·
1648 1349 1697 1391 et
1719 1342 1926 1392 heredes
1951 1343 2021 1391 sui
2043 1344 2211 1393 leuent

177 1428 361 1477 firmam
401 1427 540 1476 nobis
582 1428 799 1477 debitam
837 1430 899 1478 de
940 1430 1128 1479 duabus
1164 1432 1320 1496 peciis
1361 1440 1492 1481 terre
1531 1450 1652 1497 quas
1692 1432 1911 1482 Thomas
1952 1433 2127 1484 Sanser
2162 1443 2211 1484 et

180 1517 452 1568 Willelmus
476 1518 537 1567 de
562 1518 821 1584 Kyrcaudi
847 1521 1055 1570 clericus
1091 1530 1262 1571 tenent
1284 1523 1416 1571 infra
1440 1531 1598 1573 terras
1613 1532 1618 1537 “
1633 1524 1823 1590 nostras
1846 1525 2091 1589 prediRas
2115 1543 2213 1574 vna

179 1625 284 1661 cum
308 1617 539 1674 proparte
576 1608 764 1674 seruicij
799 1611 942 1659 nobis
977 1612 1130 1661 debiti
1164 1614 1225 1662 de
1261 1614 1439 1663 eisdem
1474 1616 1675 1664 racione
1709 1615 1952 1681 hostilagij
1991 1625 2040 1666 et
2070 1618 2210 1666 nobis

177 1698 236 1753 de
258 1698 358 1763 ipsa
379 1699 520 1748 firma
543 1707 592 1749 et
615 1699 876 1765 hostilagio
910 1703 1237 1766 respondeant
1272 1705 1393 1756 ficut
1428 1708 1489 1756 de
1524 1708 1675 1755 firmis
1707 1714 1757 1756 et
1779 1707 2047 1772 hostilagijs
2070 1709 2210 1757 nobis

178 1789 347 1839 debitis
381 1807 472 1854 pro
507 1790 615 1854 alijs
654 1791 798 1839 terris
835 1792 1014 1841 nostris
1053 1811 1173 1858 quas
1206 1797 1268 1845 de
1304 1798 1446 1846 nobis
1483 1806 1654 1847 tenent
1679 1806 1730 1847 vt
1754 1798 2082 1862 supradictum
2107 1800 2211 1848 est·

176 1878 344 1929 Dictus
369 1897 483 1929 vero
508 1881 555 1930 R
579 1910 589 1920 ·
616 1882 696 1930 seu
726 1882 935 1955 here'des
970 1885 1041 1932 sui
1080 1887 1216 1935 nullo
1251 1890 1397 1937 modo
1435 1897 1592 1938 terras
1625 1898 1674 1938 et
1704 1890 1963 1954 hostilagia
1992 1890 2212 1955 predicta

179 1971 387 2021 vendent
426 1973 829 2038 impignorabunt
869 1975 952 2024 seu
993 1976 1279 2028 alienabunt
1316 1980 1396 2028 vel
1437 1982 1502 2029 ad
1540 1981 1731 2029 firmam
1772 1982 2021 2030 dimittent
2041 1982 2209 2045 alicui

177 2061 375 2126 persone
408 2062 497 2113 nifi
534 2064 594 2112 de
631 2065 860 2113 consensu
894 2055 1227 2130 predi&orum
1264 2072 1453 2120 abbatis
1486 2079 1534 2121 et
1568 2080 1840 2121 conuentus
1869 2073 1952 2136 qui
1975 2090 2066 2137 pro
2090 2080 2208 2122 tem·

177 2169 292 2217 pore
315 2153 499 2202 fuerint
535 2183 544 2193 ·
582 2154 643 2203 In
669 2155 807 2210 cuius
843 2158 917 2205 rei
953 2158 1285 2209 testimonium
1319 2162 1533 2227 presenti
1558 2171 1693 2213 carte
1719 2180 1976 2212 commune
2000 2162 2209 2229 sigillum

178 2242 374 2309 capituli
397 2245 548 2294 nostri
574 2247 888 2297 concorditer
913 2250 1118 2299 fecimus
1143 2252 1325 2316 apponi
1349 2253 1467 2302 teste
1493 2254 1665 2302 eodem
1690 2254 1907 2318 capitulo
1933 2282 1943 2293 ·

178 2496 345 2570 Carta
367 2522 634 2570 tenementi
658 2521 710 2570 in
738 2521 960 2586 Covgate
985 2522 1047 2570 de
1071 2521 1420 2571 Aberbrothoc
1445 2552 1455 2561 ·

55 2714 135 2780 22]
178 2676 445 2750 Uniuerfis
489 2696 738 2767 presentes
758 2727 763 2731 ·
784 2703 954 2759 literas
999 2703 1287 2768 inspecturis
1334 2729 1343 2739 ·
1390 2702 1425 2751 J
1428 2702 1644 2750 ohannes
1690 2700 1996 2765 permiffione
2038 2702 2206 2750 diuina

175 2789 319 2840 abbas
353 2781 417 2842 de
449 2793 797 2843 Aberbrothoc
832 2802 881 2843 et
917 2794 1132 2843 eiusdem
1171 2794 1270 2843 loci
1309 2800 1581 2842 conuentus
1616 2791 1818 2840 salutem
1853 2791 1904 2839 in
1935 2791 2153 2840 Domino
2192 2821 2202 2831 ·

175 2879 424 2932 Noueritis
475 2901 564 2932 nos
611 2886 672 2935 de
696 2879 700 2888 ’
721 2885 940 2940 vnanimi
988 2886 1223 2934 consensu
1270 2893 1318 2933 et
1365 2883 1549 2933 assensu
1595 2882 1752 2931 tocius
1799 2883 2000 2947 capituli
2050 2883 2203 2931 nostri

175 2972 437 3024 oonceffifl'e
485 2983 534 3037 et
581 2976 644 3024 ad
689 2977 879 3025 firmam
926 2975 1148 3025 dimisisse
1209 2975 1436 3025 Galfrido
1495 2973 1754 3023 Runeueld
1802 2973 1903 3021 filio
1954 2975 2201 3037 quondam

176 3061 375 3114 Roberti
427 3066 690 3116 Runeueld
742 3067 970 3132 burgenfi
1027 3068 1088 3115 de
1136 3065 1498 3116 Aberbrothoc¹
1530 3082 1675 3113 vnam
1732 3064 2024 3128 perticatam
2070 3073 2201 3114 terre

174 3168 265 3216 que
302 3154 481 3219 spefitat
522 3158 584 3205 ad
631 3157 840 3206 officium
888 3158 1254 3207 communitatis
1302 3156 1466 3205 nostre
1514 3156 1574 3204 de
1622 3157 1752 3204 dono
1799 3156 2045 3219 quondam
2087 3157 2200 3206 Ade
