2554 3900
670 413 1094 464 REGISTRUM
1127 413 1224 462 DE
1262 413 1811 466 ABERBROTHOC.
2155 427 2250 471 3²23

225 550 356 613 quod
389 548 510 596 fines
552 547 790 595 dictarum
832 555 1076 595 terrarum
1117 553 1166 594 et
1212 546 1446 594 terminos
1491 564 1580 610 per
1620 549 1798 611 probos
1838 550 1966 598 viros
2005 560 2054 599 et
2086 553 2250 602 fideles

222 640 485 689 secundum
504 638 752 702 justiciam
772 646 821 688 et
840 637 1022 686 affisam
1049 646 1179 687 terre
1204 639 1285 686 sue
1303 637 1430 700 juste
1450 638 1633 687 faceret
1657 641 1995 703 perambulare
2019 670 2029 680 ·
2055 644 2247 691 tandem

221 730 442 796 partibus
478 729 882 778 convenientibus
918 729 997 777 die
1034 728 1197 778 Sancti
1223 729 1406 777 Albani
1444 728 1665 777 Martiris
1697 747 1826 778 anno
1859 732 2075 795 predicto
2113 735 2250 797 super

223 821 556 872 Carnconnan
579 819 908 869 mediantibus
943 821 1265 883 prudentibus
1291 820 1407 869 viris
1431 821 1675 869 nobilibus
1700 830 1748 869 et
1780 823 1998 871 discretis
2024 824 2249 873 videlicet

222 913 420 962 domino
445 911 681 959 Villelmo
707 911 768 959 de
794 909 1024 975 Brechyn
1050 938 1059 948 ·
1082 911 1131 959 G
1155 938 1164 947 ·
1190 911 1250 959 de
1273 911 1421 976 Haya
1446 911 1713 960 Robertum
1739 941 1748 951 ·
1786 913 1846 960 de
1872 913 2042 962 Monte
2068 916 2166 963 alto
2202 925 2249 963 et

221 1003 328 1052 aliis
365 1020 454 1067 per
496 1002 855 1050 ordinationem
904 1018 1210 1049 communem
1250 1003 1404 1066 partis
1439 1003 1687 1067 utriusque
1729 1003 1798 1051 ita
1831 1004 1890 1052 lis
1924 1005 2053 1054 inter
2087 1014 2249 1069 partes

221 1094 544 1145 amicabiliter
592 1093 874 1157 conquievit
914 1120 924 1130 ·
962 1093 1146 1141 scilicet
1192 1094 1323 1156 quod
1375 1094 1583 1157 predicti
1633 1094 1808 1142 Petrus
1855 1103 1903 1142 et
1946 1094 2160 1144 Cristina
2200 1105 2248 1144 ct

220 1203 388 1236 eorum
435 1185 641 1234 heredes
688 1202 778 1249 pro
833 1185 964 1232 bono
1015 1184 1149 1247 pacis
1198 1184 1556 1233 interveniente
1597 1185 1842 1234 amicabili
1880 1193 1928 1234 et
1965 1186 2097 1234 finali
2136 1204 2247 1235 con-

221 1277 391 1327 cordia
424 1277 624 1325 nomine
670 1275 1106 1340 pei-ambulationis
1152 1276 1281 1323 inter
1332 1282 1496 1339 partes
1543 1292 1600 1323 ac
1638 1275 1671 1323 fi
1708 1276 1878 1323 eodem
1922 1277 1999 1324 die
2035 1277 2246 1340 predicte

218 1369 339 1417 fines
374 1385 463 1432 per
498 1367 683 1416 affisam
717 1375 847 1415 terre
882 1366 1219 1430 perambulate
1250 1366 1444 1414 fuissent
1480 1383 1622 1414 omne
1652 1367 1731 1429 jus
1766 1374 1815 1415 et
1850 1367 2084 1415 clameum
2118 1369 2246 1431 quod

219 1461 465 1509 habebant
507 1459 586 1508 vel
624 1459 807 1507 habere
848 1465 1079 1522 poterant
1125 1458 1177 1504 in
1225 1456 1369 1505 terris
1416 1457 1476 1504 de
1523 1456 1746 1505 Brekkes
1786 1456 1906 1506 ficut
1951 1458 2121 1506 eodem
2167 1458 2245 1505 die

220 1569 331 1602 cum
353 1551 447 1600 suis
471 1551 706 1600 limitibus
731 1558 780 1600 et
805 1550 1026 1599 terminis
1060 1549 1246 1597 ostense
1281 1548 1479 1595 fuerunt
1515 1555 1563 1595 et
1596 1548 1701 1611 post
1736 1565 1904 1612 pacem
1938 1548 2246 1596 reformatam

221 1642 437 1693 conoefl'e
472 1660 564 1708 pro
597 1642 644 1691 se
677 1650 726 1691 et
759 1642 1024 1690 heredibus
1058 1641 1153 1689 suis
1189 1639 1300 1687 Deo
1333 1647 1382 1686 et
1417 1637 1615 1686 ecclefie
1647 1638 1779 1687 beati
1804 1638 1993 1686 Thome
2026 1638 2246 1687 Martiris

219 1737 280 1785 de
305 1734 658 1784 Aberbrothok
683 1741 732 1782 et
755 1733 1009 1782 monachis
1034 1732 1214 1780 ibidem
1240 1729 1351 1777 Deo
1375 1728 1692 1777 servientibus
1715 1730 2014 1793 presentibus
2049 1730 2244 1777 domino

218 1828 302 1876 A·
329 1827 428 1876 Dei
463 1825 625 1890 gratia
664 1825 907 1889 Episcopo
946 1821 1264 1872 Brechinenfi
1289 1847 1298 1857 ·
1324 1821 1520 1868 domino
1557 1820 1607 1868 N
1633 1848 1643 1858 ·
1669 1821 1729 1868 de
1766 1819 2018 1885 Mowbray
2056 1829 2104 1869 et
2138 1821 2245 1869 aliis

219 1936 363 1984 quam
400 1918 623 1983 pluribus
659 1917 798 1965 laicis
837 1922 886 1964 et
928 1914 1119 1963 clericis
1158 1912 1383 1961 fidelibus
1431 1928 1528 1959 una
1575 1928 1685 1959 cum
1730 1911 1959 1975 predictis
2005 1911 2244 1960 nobilibus

218 2011 438 2075 quietum
463 2010 799 2060 clamaverunt
824 2008 885 2055 ab
904 2006 1037 2054 omni
1062 2005 1313 2054 exastione
1339 2003 1684 2052 consuetudine
1708 2010 1756 2050 et
1781 2002 1982 2050 seculari
2006 2003 2245 2050 demanda

218 2103 269 2150 in
304 2108 596 2166 perpetuum
631 2106 680 2147 et
718 2097 988 2163 predi8cam
1035 2104 1217 2144 terram
1259 2096 1319 2144 ab
1361 2095 1583 2143 omnibus
1624 2093 1869 2158 regalibus
1907 2093 2122 2141 serviciis
2163 2093 2242 2140 de-

218 2194 420 2242 fendent
466 2209 555 2257 per
601 2191 716 2239 istas
757 2189 934 2238 divisas
971 2187 1260 2251 subscriptas
1293 2215 1303 2226 ·
1337 2185 1625 2250 Incipiendo
1666 2184 1849 2233 scilicet
1895 2202 1924 2232 a
1963 2183 2119 2231 rivulo
2160 2183 2242 2246 qui

215 2284 396 2334 dicitur
431 2283 581 2332 Eloth
613 2299 628 2332 s
663 2289 711 2331 et
747 2281 812 2330 fic
848 2279 1155 2329 ascendendo
1197 2279 1259 2326 ad
1306 2277 1564 2326 vascellum
1612 2253 1758 2339 usque
1805 2276 1867 2323 ad
1903 2274 2111 2323 rivulum
2160 2273 2243 2338 qui

217 2376 397 2425 dicitur
423 2375 621 2424 Lecach
656 2381 706 2422 et
739 2373 804 2422 fic
840 2371 1146 2421 ascendendo
1177 2385 1266 2433 per
1298 2367 1350 2415 id
1387 2366 1644 2415 vascellum
1680 2366 1826 2429 usque
1861 2365 1923 2412 ad
1958 2363 2242 2412 orientalem

217 2474 407 2532 partem
445 2467 506 2516 de
547 2465 803 2530 Crundaly
835 2479 851 2513 s
885 2470 934 2512 et
972 2462 1037 2511 fic
1078 2459 1415 2510 descendendo
1456 2458 1518 2506 ad
1563 2464 1753 2521 petram
1798 2473 1892 2519 que
1938 2455 2033 2502 fixa
2078 2454 2146 2502 est
2191 2455 2241 2501 in

219 2558 377 2622 capite
425 2558 485 2606 de
524 2556 732 2606 Kelwad
765 2561 813 2604 et
846 2555 918 2603 ita
954 2551 1292 2602 descendendo
1331 2550 1452 2598 fiket
1488 2549 1550 2597 ad
1583 2546 1832 2596 maresiam
1867 2546 2060 2595 Gamell
2091 2554 2139 2594 et
2173 2546 2242 2592 ita

217 2666 305 2714 per
353 2648 568 2698 rivulum
610 2649 775 2695 versus
814 2646 1054 2694 orientem
1092 2644 1239 2706 usque
1281 2641 1344 2689 ad
1382 2655 1682 2688 communem
1727 2638 1924 2686 stratam
1958 2653 2050 2699 que
2086 2636 2241 2684 tendit

221 2740 283 2789 ad
317 2739 582 2789 terminum
622 2746 754 2787 terre
798 2736 986 2785 domini
1026 2732 1278 2782 Eustachii
1319 2733 1379 2780 de
1421 2730 1599 2779 Balliol
1638 2730 1709 2777 ita
1748 2729 1878 2792 quod
1918 2727 2030 2775 diui
2074 2727 2239 2775 Abbas

221 2838 270 2880 et
318 2830 604 2881 Conventus
650 2829 840 2878 solvent
887 2826 1028 2875 dietis
1074 2825 1223 2873 Petro
1274 2821 1519 2872 Christine
1567 2828 1615 2869 et
1656 2836 1822 2868 eorum
1863 2818 2121 2867 heredibus
2163 2817 2239 2865 vel

222 2921 467 2987 affiguatis
503 2922 564 2970 de
613 2921 744 2969 dida
787 2919 905 2968 villa
952 2918 1013 2965 de
1061 2915 1274 2964 Brekkis
1326 2919 1592 2961 annuatum
1643 2911 1762 2958 duas
1811 2925 1998 2957 marcas
2051 2908 2242 2972 argenti

223 3013 286 3061 ad
315 3014 436 3061 duos
469 3012 705 3062 terminos
745 3009 930 3058 scilicet
965 3008 1029 3056 ad
1076 3003 1398 3055 Pentecosten
1439 3010 1487 3050 et
1525 3001 1586 3049 ad
1624 2999 1796 3048 festum
1834 2997 1998 3048 Sanffi
2036 2998 2240 3047 Martini

223 3105 274 3152 in
297 3105 505 3170 hyeme3
534 3111 583 3152 et
609 3102 642 3150 si
667 3101 785 3150 diffi
803 3101 974 3149 Abbas
999 3106 1049 3147 et
1075 3097 1359 3147 Conventus
1385 3090 1668 3141 cessaverint
1696 3107 1726 3138 a
1748 3089 1984 3137 solutione
2008 3088 2243 3136 di&arum

226 3195 430 3243 duarum
464 3209 742 3244 marcarum
779 3192 842 3240 ad
877 3191 1089 3255 aliquem
1125 3186 1386 3238 terminum
1421 3183 1567 3232 liceat
1601 3181 1740 3230 dietis
1776 3179 1923 3229 Petro
1949 3187 1996 3228 et
2033 3178 2242 3228 Cristine
