2554 3900
368 426 464 479 272
811 419 1232 471 REGISTRUM
1267 419 1365 468 DE
1400 414 1953 467 ABERBROTHOC.

373 625 713 697 Confirmatio
738 645 863 692 &fite
889 650 1022 691 carte
1048 669 1057 678 ·

191 814 344 882 [315]
377 806 636 879 Omnibus
664 824 825 872 sancte
849 821 1018 870 matris
1047 819 1247 868 ecclesie
1270 819 1382 867 filiis
1407 820 1470 867 ad
1494 835 1614 882 quos
1637 818 1885 882 presentes
1909 817 2071 866 littere
2095 816 2412 880 peruenerint

377 918 623 966 Robertus
648 914 708 961 de
734 912 839 961 Ros
864 895 1003 959 miles
1028 910 1254 958 dominus
1289 910 1350 957 de
1375 909 1629 957 Bennerre
1664 909 1868 957 salutem
1900 908 1953 955 in
1988 907 2207 955 Domino
2242 908 2412 971 sempi-

378 1018 566 1056 ternam
592 1035 603 1046 ·
642 1004 811 1054 Sciant
834 1003 1082 1067 presentes
1107 1008 1156 1049 et
1179 1001 1333 1049 futuri
1357 1017 1435 1048 me
1459 1016 1550 1063 pro
1575 999 1725 1047 salute
1750 999 1911 1047 anime
1934 1015 2042 1046 mee
2067 1005 2115 1046 et
2140 998 2412 1046 animarum

378 1096 728 1148 antecessorum
766 1102 814 1142 et
856 1092 1176 1142 successorum
1216 1108 1436 1140 meorum
1478 1089 1749 1138 concessisse
1791 1097 1840 1138 et
1879 1088 2094 1153 presenti
2133 1096 2270 1137 carta
2305 1106 2414 1137 mea

375 1186 676 1237 confirmasse
702 1186 794 1233 deo
820 1192 868 1233 et
892 1183 1092 1233 ecclesie
1121 1182 1286 1232 Sanfflsi
1313 1182 1505 1230 Thome
1529 1180 1745 1228 martiris
1770 1181 1831 1228 de
1856 1179 2206 1228 Aberbrothoc
2243 1187 2291 1228 et
2314 1196 2414 1226 mo-

378 1279 548 1328 nachis
571 1278 754 1326 ibidem
773 1276 884 1325 Deo
903 1275 1229 1324 seruientibus
1249 1282 1297 1322 et
1320 1274 1666 1337 inperpetuum
1682 1270 1794 1319 Deo
1818 1269 2073 1318 seruituris
2098 1269 2412 1317 donat-ionem
2482 1294 2488 1299 ·

377 1370 512 1418 illam
537 1386 683 1433 quam
703 1368 852 1432 Hugo
873 1367 1096 1415 Blundus
1121 1365 1348 1414 dominus
1373 1364 1433 1438 de
1461 1361 1863 1410 Abirbuthenoth
1888 1362 1956 1409 eis
1983 1361 2101 1409 fecit
2126 1363 2186 1410 de
2212 1361 2416 1409 ecclesia

379 1462 440 1510 de
468 1460 703 1510 Garuoch
727 1476 835 1507 cum
862 1476 959 1506 vna
982 1459 1163 1506 bouata
1186 1466 1317 1506 terre
1343 1456 1405 1504 ad
1430 1454 1611 1502 dictam
1636 1453 1888 1502 ecclesiam
1912 1453 2193 1517 pertinente
2220 1452 2414 1501 Tenen-

379 1554 494 1601 dum
519 1551 871 1609 ethabendum
895 1549 1036 1596 dietis
1070 1546 1306 1612 religiosis
1340 1547 1393 1594 in
1426 1562 1601 1610 puram
1627 1552 1676 1593 et
1699 1552 1989 1608 perpetuam
2014 1542 2324 1592 elemosinam
2347 1544 2416 1592 ita
2456 1560 2461 1564 ·

378 1643 531 1692 libere
572 1642 734 1706 quiete
775 1640 995 1705 plenarie
1038 1647 1087 1688 et
1127 1638 1396 1687 honorifice
1444 1636 1566 1685 ficut
1612 1642 1749 1684 carta
1787 1635 1995 1700 predicti
2035 1634 2266 1699 Hugonis
2302 1634 2416 1683 inde
2493 1669 2502 1679 .

380 1734 600 1783 confeaa
622 1732 794 1780 melius
820 1738 868 1779 et
890 1730 1083 1794 plenius
1119 1729 1324 1779 testatur
1348 1756 1358 1766 ·
1393 1728 1454 1777 In
1480 1729 1619 1777 cuius
1655 1727 1728 1776 rei
1759 1726 2089 1776 testimonium
2113 1725 2418 1790 presentibus

379 1824 587 1889 sigillum
610 1839 771 1870 meum
797 1820 998 1885 apposui
1023 1849 1034 1860 ·

381 2072 634 2144 Eiusdem
658 2092 858 2141 ecclesie
883 2092 1083 2140 donatio
1107 2109 1195 2156 per
1220 2090 1510 2140 villelmum
1539 2090 1818 2154 episcopum
1847 2087 2012 2138 Sancti
2037 2088 2241 2138 Andree
2267 2118 2276 2128 ·

200 2265 340 2330 [316]
387 2256 645 2329 Omnibus
680 2277 838 2324 sancte
872 2275 1043 2340 matris
1079 2273 1280 2324 ecclesie
1315 2273 1428 2322 filiis
1461 2274 1659 2338 presens
1694 2273 1927 2335 scriptum
1963 2271 2135 2319 visuris
2172 2271 2250 2319 vel
2286 2271 2419 2319 audi·
2456 2279 2459 2282 ’

385 2367 508 2416 turis
531 2394 542 2405 ·
567 2366 844 2414 Willelmus
868 2366 967 2414 Dei
990 2366 1151 2430 gratia
1185 2366 1440 2431 episcopus
1468 2364 1634 2414 Sancti
1658 2364 1864 2412 Andree
1898 2363 2102 2411 salutem
2127 2363 2179 2410 in
2203 2362 2419 2410 Domino
2487 2355 2489 2357 ¹

384 2457 725 2522 sempiternam
752 2485 763 2496 ·
800 2457 1013 2505 Nouerit
1041 2457 1326 2505 vniuersitas
1361 2457 1522 2506 vestra
1557 2455 1690 2519 quod
1723 2471 1813 2502 nos
1847 2454 2146 2502 ratificantes
2175 2461 2224 2502 et
2249 2453 2420 2501 confir-

383 2554 573 2596 mantes
608 2547 934 2595 donationem-
957 2547 1079 2595 iuris
1113 2554 1401 2611 patronatus
1436 2547 1655 2597 Ecclefie
1691 2548 1752 2595 de
1780 2546 2016 2596 Garuoch
2050 2546 2227 2594 factam
2259 2545 2422 2598 abbati

388 2647 437 2688 et
461 2637 728 2687 conuentui
751 2638 812 2686 de
847 2637 1193 2687 Aberbrothoc
1217 2656 1307 2703 per
1332 2639 1598 2704 Hugonem
1623 2637 2150 2687 Blundumdominum
2177 2637 2238 2684 de
2266 2634 2421 2684 Aber-
2481 2612 2509 2712 V.
2540 2687 2541 2691 ,

387 2729 626 2778 buthenot
661 2727 809 2792 ipsius
851 2723 1051 2777 ecclesie
1089 2729 1316 2801 decimas·
1341 2730 1395 2778 in
1436 2731 1545 2779 vsus
1585 2729 1813 2794 proprios
1848 2728 1997 2793 ipsius
2042 2726 2324 2776 monasterii
2363 2727 2422 2775 de

390 2819 592 2884 capituli
625 2819 777 2867 nostri
814 2819 1045 2869 consensu
1078 2821 1233 2870 libere
1260 2822 1574 2871 concedimus
1609 2828 1658 2870 et
1693 2820 1985 2885 aflignamus
2023 2817 2172 2867 Salua
2205 2817 2344 2866 nobis
2376 2825 2423 2866 et

390 2911 733 2960 successoribus
766 2912 943 2960 nostris
976 2920 1216 2978 perpetua
1254 2913 1515 2962 collatione
1548 2912 1742 2976 integre
1766 2910 1948 2959 vicarie
1984 2906 2183 2957 ecclesie
2206 2906 2423 2971 predicte

394 3019 490 3050 vna
523 3019 634 3049 cum
667 3003 849 3051 bouata
875 3010 1007 3052 terre
1042 3021 1131 3068 per
1153 3012 1417 3069 patronum
1450 3003 1725 3068 predictum
1762 3002 1921 3050 eidem
1959 2997 2158 3049 ecclesie
2194 2996 2423 3062 affignate

393 3099 440 3140 et
460 3090 767 3157 aysiamentis
783 3093 1144 3156 pertinentibus
1164 3095 1227 3142 ad
1246 3089 1452 3143 eandem
1477 3121 1487 3130 ·
1506 3094 1580 3143 Ut
1603 3101 1767 3142 autem
1784 3093 1877 3141 hec
1901 3091 2069 3139 nostra
2090 3088 2353 3138 ratificatio
2377 3095 2423 3136 et

393 3182 697 3245 confirmatio
720 3183 1065 3248 inperpetuum
1089 3185 1242 3232 robur
1264 3184 1510 3232 firmitatis
1535 3184 1755 3253 obtineat
1777 3181 1993 3247 presenti
2017 3180 2195 3245 scripto
2220 3179 2423 3244 sigillum
