2554 3900
674 418 1096 469 REGISTRUM
1130 419 1226 468 DE
1262 420 1814 476 ABERBROTHOC.
2148 436 2243 485 309

219 550 499 614 manucepit
523 557 572 598 et
607 551 654 597 se
689 549 929 613 obligauit
962 549 1151 598 soluere
1187 552 1440 599 annuatim
1476 553 1536 601 de
1574 562 1738 603 cetero
1771 557 1973 620 prefatis
2008 561 2240 624 religiosis

218 641 495 708 pensionem
513 639 783 704 prediRam
802 639 901 688 fine
922 639 1087 702 aliqua
1105 642 1491 691 contradiffione
1509 661 1599 708 pro
1619 653 1720 694 toto
1740 653 1958 710 tempore
1977 650 2058 696 suo
2077 650 2241 698 secun-

217 734 330 781 dum
356 731 487 794 quod
510 730 560 777 in
588 729 907 778 ordinacione
940 730 1186 792 quondam
1221 729 1390 779 Dauid
1424 734 1634 798 episcopi
1674 734 1838 784 Sanffi
1874 737 2075 785 Andree
2110 748 2158 787 et
2191 741 2241 787 in

216 821 592 872 confirmacione
617 828 667 869 et
690 821 890 868 decreto
915 821 1116 884 dompni
1140 821 1291 870 nostri
1316 823 1552 872 Willelmi
1576 825 1674 873 Dei
1707 828 1868 890 gratia
1901 828 2112 877 eiusdem
2147 830 2241 878 loci

216 913 424 979 episcopi
462 912 546 976 qui
583 929 715 960 nunc
754 911 824 960 est
859 912 1052 976 plenius
1101 913 1381 961 continetur
1416 942 1425 952 ·
1474 915 1558 963 sub
1598 933 1727 979 pena
1767 917 1939 982 viginti
1983 919 2240 967 solidorum

214 1004 395 1054 fabrice
419 1000 619 1051 ecclesie
647 1000 813 1050 Sanffi
839 1001 1042 1050 Andree
1067 1003 1285 1066 quolibet
1309 1005 1518 1052 termino
1550 1006 1602 1053 in
1635 1024 1730 1070 quo
1765 1007 1929 1056 deficit
1963 1009 2090 1058 dicte
2125 1027 2239 1073 pen-

213 1094 355 1143 fionis
383 1093 565 1142 solucio
599 1092 745 1156 plene
780 1092 1124 1140 soluendorum
1160 1121 1170 1131 ·
1206 1093 1267 1141 In
1300 1095 1437 1142 cuius
1471 1095 1544 1142 rei
1578 1095 1905 1146 testimonium
1939 1100 2237 1162 presentibus

213 1184 366 1234 literis
390 1183 599 1248 figillum
624 1182 769 1231 officii
792 1182 943 1230 nostri
974 1182 1043 1231 est
1075 1183 1339 1247 appensum
1373 1211 1384 1221 ·
1419 1184 1599 1233 Attum
1634 1194 1683 1234 et
1706 1187 1873 1236 datum
1912 1190 2042 1252 apud
2084 1190 2237 1238 Aber-

212 1274 417 1323 brothoc
441 1274 521 1322 die
545 1273 716 1321 martis
744 1273 969 1336 proxima
992 1272 1099 1336 post
1124 1273 1298 1321 festum
1326 1274 1490 1324 Sanffl
1517 1276 1747 1342 Gregorii
1772 1295 1897 1343 pape
1921 1296 2049 1327 anno
2071 1282 2236 1344 gracie

196 1363 464 1414 ‘millesimo
491 1363 830 1412 trecentefimo
856 1363 1083 1411 vicesimo
1110 1364 1264 1412 tercio
1288 1391 1299 1402 ·

213 1615 486 1686 Affedatio
510 1643 754 1684 terrarum
779 1637 839 1684 de
867 1635 1196 1699 Spedalfeilde
1221 1652 1309 1699 per
1333 1635 1639 1684 Bernardum
1663 1637 1884 1687 abbatem
1909 1667 1919 1677 ·

35 1809 166 1878 [352]
210 1795 470 1868 Omnibus
493 1817 587 1865 hoc
611 1817 843 1880 scriptum
868 1815 1041 1864 visuris
1067 1816 1145 1863 vel
1169 1815 1407 1863 audituris
1431 1816 1583 1864 frater
1618 1816 1898 1866 Bernardus
1932 1820 2233 1882 permistione

209 1907 377 1955 diuina
400 1907 548 1957 abbas
573 1908 633 1956 de
659 1906 1005 1955 Aberbrothoc
1029 1906 1231 1954 salutem
1253 1906 1305 1954 in
1330 1906 1545 1954 Domino
1568 1908 1907 1971 sempiternam
1939 1939 1949 1948 ·
1984 1910 2035 1957 N
2037 1910 2234 1958 oueritis

181 1981 296 2045 ¹nos
331 1997 554 2046 assedafl‘e
590 2005 638 2046 et
673 1999 738 2046 ad
771 1998 962 2045 firmam
998 1995 1221 2045 dimisisse
1257 2014 1316 2044 ex
1349 2005 1489 2060 parte
1523 1998 1689 2046 nostra
1719 2008 1767 2047 et
1792 2008 2060 2048 conuentus
2083 2000 2232 2048 nostri

207 2095 358 2138 totam
391 2097 575 2137 terram
616 2088 831 2137 nostram
866 2089 1162 2152 spectantem
1197 2088 1260 2134 ad
1293 2087 1527 2151 hospitale
1559 2087 1723 2138 Sancti
1747 2089 1782 2137 J
1784 2089 1988 2138 ohannis
2013 2090 2229 2154 Baptista

207 2179 342 2228 iuxta
382 2179 729 2229 Aberbrothoc
774 2178 1052 2243 Reginaldo
1096 2179 1156 2226 de
1191 2177 1500 2227 Dunbradan
1536 2186 1585 2226 et
1620 2178 1822 2243 Hugoni
1862 2179 2130 2243 COacpeefis
2168 2181 2230 2227 ad

207 2269 468 2318 terminum
504 2270 720 2333 quinque
764 2286 1004 2318 annorum
1045 2286 1074 2316 a
1111 2267 1230 2316 festo
1267 2269 1606 2332 penthecostes
1642 2269 1758 2317 anni
1794 2270 1960 2335 gracie
1997 2269 2231 2318 millefimi

208 2353 530 2410 trecentesimi
555 2360 772 2409 vicesimi
797 2361 957 2424 quinti
973 2360 1127 2424 plene
1153 2359 1553 2423 complendorum
1586 2375 1695 2407 cum
1728 2360 2149 2407 commoditatibus
2184 2368 2232 2407 et

207 2451 497 2501 aifiamentis
521 2452 616 2500 suis
641 2451 762 2500 ficut
785 2450 1087 2515 temporibus
1111 2448 1460 2498 antecessorum
1483 2447 1755 2497 nostrorum
1784 2449 1964 2497 solebat
1999 2448 2198 2497 assedari
2221 2478 2230 2487 ·

206 2542 270 2592 Et
305 2543 421 2592 dieti
457 2543 761 2608 Reginaldus
797 2550 846 2591 et
882 2542 1034 2607 Hugo
1070 2541 1259 2590 soluent
1291 2556 1382 2604 pro
1418 2540 1560 2588 firma
1595 2540 1808 2602 predifite
1846 2547 1976 2586 terre
2013 2539 2229 2602 quolibet

208 2649 335 2681 anno
375 2634 585 2682 durante
621 2634 751 2682 dicto
787 2633 999 2682 termino
1035 2630 1370 2680 elemosinario
1405 2629 1686 2677 monasterii
1718 2629 1869 2677 nostri
1905 2629 2229 2693 quadraginta

205 2723 378 2772 solidos
403 2725 466 2772 ad
488 2724 611 2773 festa
633 2723 975 2788 penthecostes
1008 2729 1056 2771 et
1088 2721 1254 2771 Sanfflsi
1277 2720 1482 2770 Martini
1512 2721 1565 2768 in
1599 2719 1774 2784 hyeme
1809 2735 1898 2783 pro
1933 2719 2094 2782 equali
2118 2736 2226 2782 por-

207 2813 345 2862 cione
381 2844 390 2854 ·
427 2814 493 2863 Et
517 2815 815 2864 edificabunt
839 2814 921 2862 seu
944 2813 1130 2862 facient
1154 2813 1371 2861 edificari
1394 2812 1553 2876 primo
1585 2827 1714 2859 anno
1745 2809 1972 2858 introitus
2005 2809 2073 2857 sui
2106 2810 2225 2857 duas

206 2904 382 2953 domos
401 2905 724 2954 husbandales
756 2905 1046 2953 sufficientes
1082 2904 1135 2952 in
1172 2904 1342 2952 eadem
1380 2910 1512 2951 terra
1535 2929 1545 2938 ·
1583 2900 1809 2949 videlicet
1846 2916 1994 2947 vnum
2031 2916 2223 2947 orreum

206 2995 266 3044 de
288 2995 593 3061 longitudine
618 2996 947 3061 quadraginta
969 2995 1148 3059 pedum
1174 3002 1223 3043 et
1245 3009 1394 3042 vnum
1423 2991 1679 3041 bouarium
1710 2991 1771 3038 de
1804 2990 1971 3038 eadem
2004 2988 2226 3036 mensura

207 3087 517 3150 quasquidem
542 3089 711 3136 domos
735 3087 799 3136 ad
822 3088 971 3136 finem
995 3085 1191 3135 termini
1216 3084 1286 3133 sui
1308 3084 1361 3131 in
1383 3084 1512 3131 bono
1536 3081 1662 3130 statu
1685 3079 1815 3128 infra
1837 3079 2013 3127 diazam
2044 3086 2223 3126 terram

207 3175 451 3226 dimittent
475 3177 774 3227 constructas
810 3204 820 3215 ·
855 3177 922 3226 Et
945 3176 981 3224 fi
1007 3176 1260 3241 contingat
1284 3174 1414 3238 quod
1438 3173 1601 3240 aliqua
1634 3169 1897 3219 diminucio
1934 3169 2060 3217 dieue
2095 3176 2225 3216 terre
