2612 3926
362 403 460 450 xxii
1217 399 1504 449 TABULA
1515 436 1526 446 .

551 548 726 591 solveret
750 548 998 591 monasterio
1019 546 1165 591 Sancti
1185 546 1347 589 Thome
1367 546 1419 589 de
1439 544 1735 588 Abirbrothoc.
1798 544 1924 586 1324.
1984 543 2261 600 Reyist.Nig.1

542 624 673 679 f.16,
882 655 892 664 .
1068 653 1079 663 .
1255 652 1266 663 .
1441 652 1451 663 .
2002 649 2013 659 .
2189 617 2405 666 .P.313

366 699 461 740 356.
495 696 657 739 Citacio
690 711 765 754 pro
799 695 986 753 generali
1019 693 1201 751 capitulo
1235 693 1416 736 tenendo
1451 693 1562 750 apud
1596 690 1883 748 Dunfermlyn
1917 705 1993 748 per
2025 690 2261 734 Robertum

550 770 743 812 abbatem
762 768 814 811 de
833 767 1131 824 Dunfermlyn.
1192 767 1318 810 1326.
1377 767 1529 822 Reqist.
1551 766 1654 821 My.
1668 766 1709 822 f.
1733 765 1801 817 14,

365 847 461 887 357.
494 842 773 886 confirmacio
792 840 997 883 Bernardi
1018 839 1178 882 abbatis
1204 853 1328 896 super
1353 839 1426 882 illa
1452 839 1674 882 donatione
1704 853 1830 895 quam
1860 837 2101 895 Stephanus
2127 838 2262 881 dietus

548 917 760 959 Fairburn
773 916 869 959 fecit
881 915 1098 958 Willelmo
1113 914 1164 957 de
1179 914 1262 957 Irw
1263 929 1322 971 yn
1338 913 1390 956 de
1404 913 1508 956 tofto
1523 928 1598 956 suo
1610 911 1655 955 in
1667 911 1863 955 Dundee.
1923 913 2050 956 1327.
2111 913 2262 968 Reyist.

551 991 650 1046 Niq.
663 991 703 1047 f.
728 992 794 1044 15,
816 998 853 1033 et
872 990 1021 1045 Reqz'st.
1042 989 1218 1044 Reqalit.
1230 989 1272 1045 f.
1296 989 1363 1041 16,
1440 1021 1450 1030 .
2005 1019 2015 1030 .

366 1067 460 1108 358.
494 1065 624 1108 Carta
643 1063 849 1106 willelmi
869 1062 1048 1120 episcopi
1071 1061 1219 1105 Sancti
1239 1061 1412 1104 Andree
1431 1061 1483 1104 de
1509 1060 1716 1104 fructibus
1742 1020 1982 1118 garbalibus
2009 1059 2180 1103 ecclesie
2210 1060 2261 1103 de

545 1136 794 1193 Abel-uethy
813 1135 1029 1194 assignatis
1059 1135 1103 1177 in
1132 1135 1372 1193 pensionem
1393 1134 1600 1178 Bernardi
1621 1134 1782 1178 abbatis
1801 1149 1917 1177 nunc
1937 1134 2117 1192 episcopi
2141 1134 2263 1176 electi

550 1211 804 1255 Sodorensis.
865 1212 991 1254 1328.
1052 1210 1205 1266 Reywt.
1225 1209 1325 1264 Nv'y.
1340 1209 1381 1266 f.
1403 1210 1473 1263 21,

365 1289 460 1330 359.
493 1286 656 1328 Littera
691 1284 971 1327 commissoria
1002 1283 1210 1326 Bet—nardi
1245 1283 1406 1326 abbatis
1439 1297 1514 1340 pro
1546 1282 1698 1326 annuis
1736 1282 1968 1327 redditibus
2001 1281 2259 1340 recipiendis

444 1364 446 1367 ”
535 1362 677 1413 11328.
733 1360 885 1415 Beyist.
907 1359 1062 1416 Ni9.f.
1085 1360 1152 1412 15,

2321 767 2405 808 314

2321 988 2406 1030 315

2321 1209 2406 1250 316

2321 1357 2404 1398 318

365 1437 462 1478 360.
496 1433 705 1476 Protectio
725 1433 835 1490 regis
855 1432 1031 1475 Roberti
1050 1446 1246 1480 concessa
1264 1431 1515 1474 monasterio
1544 1431 1589 1474 in
1620 1431 1814 1474 absencia
1843 1430 2017 1474 abbatis.
2077 1447 2110 1473 c.
2135 1432 2260 1474 1328.
2333 1444 2337 1447 ’

554 1508 699 1563 Reyist.
720 1508 821 1563 Niy.
833 1507 874 1564 f.
898 1508 966 1560 15,

366 1584 462 1626 361.
493 1581 733 1639 Assignatio
763 1581 947 1639 quinque
978 1594 1213 1622 marcarum
1244 1578 1296 1620 de
1327 1578 1479 1622 vicaria
1509 1578 1561 1621 de
1590 1578 1836 1621 Inverkelor
1865 1578 1918 1621 ad
1947 1578 2179 1622 Patricium
2208 1578 2260 1620 de

551 1655 676 1712 Syres
712 1670 785 1712 per
818 1653 1058 1698 Galfridum
1094 1653 1301 1696 abbatem
1364 1654 1489 1697 1328.
1549 1653 1703 1708 Reyist.
1729 1653 1831 1708 Nio.
1853 1653 1893 1710 f.
1933 1654 2000 1704 17,
2037 1660 2074 1695 et
2106 1653 2258 1708 Reyisc.

550 1730 611 1772 Re
636 1730 721 1771 alzt.
801 1730 869 1782 17,
1439 1757 1450 1769 .
1628 1758 1637 1768 .
2002 1760 2012 1769 .
2191 1759 2200 1768 .

363 1806 461 1847 362.
490 1744 656 1845 Ιιίειεῖα
673 1729 934 1860 penZionaria
953 1802 1137 1859 quinque
1166 1815 1403 1843 marcarum
1431 1801 1631 1858 magistro
1663 1799 1856 1846 Gilberto
1886 1799 2101 1858 Flemyng
2128 1815 2203 1858 per

549 1875 788 1920 Galfridum
807 1875 1013 1918 abbatem.
1076 1877 1202 1919 1329.
1261 1876 1414 1931 Reyist.
1434 1874 1536 1930 Niy.
1549 1875 1589 1932 f.
1615 1877 1682 1930 17,

364 1953 459 1994 363.
493 1950 687 1994 Secunda
705 1965 812 1993 conv
813 1950 930 1993 encio
950 1965 1048 1993 cum
1067 1949 1266 2007 magistro
1288 1948 1482 1993 Gilberto
1501 1948 1726 2008 Flemyng.
1787 1951 1913 1994 1329.
1974 1950 2128 2005 Reyist.
2155 1907 2256 2005 Niy.

540 2025 670 2080 f.18‚

366 2472 461 2513 364.
495 2469 623 2513 Carta
642 2469 856 2529 Radulphi
877 2470 1036 2513 abbatis
1055 2471 1166 2514 facta
1185 2472 1414 2515 Maleolmo
1433 2473 1466 2516 J
1468 2473 1617 2516 anitori
1647 2472 1699 2516 de
1727 2471 1983 2530 Edinburgh
2012 2487 2138 2530 super
2166 2472 2260 2515 hos-

550 2542 693 2600 tilagio
714 2543 765 2585 de
785 2543 1051 2602 Edinburgh.
1113 2544 1417 2605 [1226-1239.]
1478 2548 1625 2590 Addit.
1646 2548 1690 2589 in
1709 2546 1832 2590 Ethie
1850 2546 1948 2589 MS.
2003 2578 2011 2587 .

366 2619 462 2661 365.
494 2616 754 2674 Composicio
787 2618 897 2660 inter
930 2620 1180 2662 monasteria
1209 2620 1260 2662 de
1296 2619 1442 2679 Cupro
1471 2629 1514 2664 et
1534 2619 1826 2664 Aberbrothoc
1854 2635 1980 2679 super
2009 2620 2179 2663 decimis
2206 2621 2257 2662 de

549 2691 730 2748 Ardory.
791 2693 916 2736 1246.
976 2693 1128 2750 Reyist.
1148 2694 1249 2751 Niy.
1260 2695 1303 2752 f.
1323 2696 1393 2750 43,

367 2768 463 2809 366.
494 2765 753 2823 Composicio
773 2766 883 2809 inter
902 2766 1194 2810 Aberbro'thoc
1214 2776 1257 2811 et
1276 2768 1494 2812 dominum
1521 2769 1697 2812 Petrum
1719 2768 1771 2811 de
1789 2768 1954 2811 Manlia
1974 2783 2099 2826 super
2116 2767 2258 2811 limiti-

549 2840 626 2882 bus
646 2839 697 2882 de
719 2839 868 2884 Conan
888 2847 930 2883 et
949 2841 1142 2885 Tulloch.
1203 2843 1374 2901 [1254]
1435 2844 1588 2901 Reyist.
1609 2844 1710 2900 Niy.
1721 2843 1763 2900 f.
1785 2842 1854 2897 27,
2002 2874 2012 2884 .

365 2915 460 2956 367.
493 2913 621 2956 Carta
640 2913 844 2956 Willelmi
864 2914 1024 2957 abbatis
1043 2915 1154 2958 faeta
1171 2916 1346 2959 Valtero
1367 2918 1418 2961 de
1438 2917 1629 2961 Malevill
1659 2932 1784 2975 super
1811 2916 2031 2974 hostilagio
2055 2916 2106 2959 de
2130 2916 2259 2959 Abir-

549 2986 643 3028 den.
703 2989 828 3032 1276.
887 2991 1034 3031 Addit.
1056 2991 1100 3032 in
1118 2990 1240 3034 Ethie
1259 2991 1356 3034 MS.
1433 3025 1442 3034 .

365 3063 460 3104 368.
491 3059 655 3103 Littera
693 3063 1081 3107 recommendaticia
1115 3064 1421 3109 defunctorum.
1451 3065 1632 3108 formula
1661 3071 1710 3108 ut
1739 3065 1918 3109 videtur.
1978 3066 2130 3123 Reyist.
2177 3065 2255 3108 Vet.

540 3137 581 3191 f-
603 3137 671 3191 30,

2350 1506 2403 1545 ib.

2319 1728 2402 1770 319

2348 1876 2401 1917 ib.

2317 2025 2403 2066 320

2318 2549 2402 2590 320

2318 2697 2398 2737 321

2318 2843 2400 2884 322

2187 3018 2225 3033 .=
2316 2992 2399 3033 325

2317 3140 2402 3181 326
