2554 3900
584 411 1010 463 REGISTRUM
1043 411 1141 460 DE
1176 410 1731 463 ABERBROTHOC.
2081 417 2177 470 275

147 548 492 600 antecessorum
520 552 569 594 et
601 543 921 594 successorum
958 543 1235 591 nostrorum
1274 571 1284 582 ·
1324 542 1385 591 In
1422 544 1563 592 cuius
1595 545 1668 592 rei
1704 544 2032 593 testimonium
2065 546 2179 596 huic

146 639 319 704 scripto
351 636 559 702 sigillum
583 635 803 683 nostrum
827 634 1031 682 fecimus
1067 634 1249 698 apponi
1283 663 1293 673 ·
1330 633 1517 683 Datum
1557 637 1688 700 apud
1724 636 2068 686 Aberbrothoc
2101 637 2180 686 die

6 791 7 794 Ἰ
149 729 338 780 veneris
360 727 586 793 proxima
607 725 714 791 post
737 726 912 774 festum
941 724 1106 774 8311ἃὶ
1134 725 1364 790 Gregorij
1391 743 1517 791 pape
1547 744 1676 776 anno
1702 727 1907 775 Domini
1930 727 2180 776 millefimo

6 802 9 889 Ξ
149 812 471 870 ducentesimo
496 815 786 882 octogesimo
810 815 947 864 sexto
970 844 980 854 ·

69 1044 72 1048 ⁴
150 1004 318 1079 Carta
340 1031 583 1074 terrarum
607 1023 668 1071 de
693 1021 1054 1071 Kilalcmunith
1086 1021 1202 1088 [five
1230 1022 1471 1088 cedlach]
1501 1051 1510 1060 .

16 1175 111 1242 320]
153 1161 407 1236 Omnibus
441 1180 640 1244 presens
677 1178 910 1242 scriptum
947 1179 1120 1228 visuris
1157 1178 1234 1227 vel
1272 1178 1515 1227 audituris
1550 1179 1603 1227 N
1602 1179 1840 1244 ycholaus
1876 1182 2183 1246 permistione

151 1274 318 1324 diuina
362 1271 510 1320 abbas
556 1271 618 1319 de
659 1268 1017 1319 A'berbrothoc‘
1056 1277 1106 1319 et
1151 1269 1367 1318 eiusdem
1412 1270 1510 1318 1001
1558 1278 1830 1319 conuentus
1871 1280 2091 1321 eternam
2132 1274 2185 1322 in

151 1340 363 1414 Domino
385 1361 588 1410 salutem
618 1388 627 1398 ·
663 1360 716 1408 N
718 1360 914 1409 ouerint
950 1360 1160 1410 vniuerfi
1196 1376 1287 1408 nos
1325 1361 1386 1409 de
1419 1361 1667 1409 communi
1708 1362 1941 1411 consensu
1983 1365 2186 1429 capituli

151 1454 302 1505 nostri
341 1450 613 1502 conceffifl‘e
656 1458 706 1500 et
744 1451 838 1500 hac
883 1452 1100 1515 presenti
1140 1458 1278 1500 carta
1317 1451 1486 1500 nostra
1522 1451 1822 1501 confirmasse
1863 1453 2083 1503 Patricio
2123 1457 2183 1505 de

153 1544 343 1595 Rothen
366 1543 502 1592 illam
526 1549 809 1591 carucatam
832 1549 964 1591 terre
1000 1543 1062 1591 de
1097 1541 1459 1591 Kilalcmunith
1495 1559 1641 1607 quam
1668 1559 1830 1591 comes
1854 1543 2024 1593 Dauid
2048 1547 2188 1595 nobis

154 1637 206 1687 in
226 1633 532 1685 elemosinam
555 1633 692 1682 dedit
716 1660 727 1670 ·
751 1640 800 1682 et
825 1649 972 1696 quam
1001 1634 1298 1683 venerabilis
1332 1641 1476 1698 pater
1502 1634 1666 1682 noster
1689 1634 1916 1683 dominus
1941 1637 2188 1687 Henricus

154 1727 334 1796 primus
368 1726 518 1775 abbas
551 1732 600 1774 et
636 1731 910 1774 conuentus
946 1724 1204 1773 Willelmo
1232 1725 1294 1773 de
1330 1724 1543 1773 Tatenel
1578 1725 1641 1773 ad
1674 1725 1866 1773 firmam
1901 1727 2144 1794 dederunt
2179 1759 2187 1767 -

159 1815 441 1866 Tenendam
479 1823 528 1865 et
567 1815 845 1864 habendam
882 1814 1042 1863 eidem
1083 1815 1302 1865 Patricio
1343 1824 1393 1865 et
1430 1816 1694 1864 heredibus
1730 1815 1825 1864 suis
1866 1818 1927 1866 de
1964 1819 2104 1868 nobis
2142 1830 2190 1868 et

159 1906 495 1956 successoribus
533 1906 712 1955 nostris
758 1907 885 1955 bene
932 1905 1156 1970 plenarie
1203 1914 1252 1955 et
1295 1907 1567 1956 honorifice
1615 1924 1727 1955 cum
1748 1909 1998 1957 ·omnibus
2044 1912 2190 1960 rectis

161 1996 320 2047 diuisis
355 1998 449 2046 suis
490 2005 539 2047 et
578 1998 717 2046 iustis
757 1997 1078 2062 pertinencijs
1120 1996 1270 2047 Salua
1313 1998 1456 2046 nobis
1495 1998 1755 2063 regalitate
1794 1999 1849 2047 in
1888 1999 2021 2049 diaa
2059 2008 2191 2050 terre

162 2095 384 2138 carucata
408 2120 419 2131 ·
454 2088 729 2138 Reddendo
763 2088 906 2137 nobis
942 2096 991 2137 et
1026 2088 1372 2138 successoribus
1406 2087 1586 2136 nostris
1618 2089 1872 2138 annuatim
1896 2107 2042 2139 vnam
2066 2108 2193 2140 mar-

28 2154 32 2243 Ι
163 2195 267 2228 cam
299 2180 489 2244 argenti
524 2208 534 2218 ·
569 2180 755 2229 scilicet
792 2180 1046 2228 dimidiam
1086 2196 1303 2230 marcam
1340 2180 1404 2227 ad
1438 2179 1797 2228 Penthecosten
1823 2209 1834 2219 ·
1866 2189 1915 2230 et
1939 2181 2191 2231 dimidiam

30 2246 32 2266 ἱ
164 2257 371 2320 marcam
407 2271 470 2320 ad
505 2270 681 2319 festum
719 2270 887 2320 Sancti
922 2270 1130 2338 Martini
1167 2270 1222 2318 111
1258 2286 1400 2335 yeme
1439 2296 1448 2306 ·
1486 2269 1547 2318 In
1584 2270 1722 2318 cuius
1756 2271 1830 2319 rei
1866 2271 2193 2321 testimonium

164 2361 459 2425 presentibus
499 2378 756 2410 commune
802 2361 1012 2426 sigillum
1061 2361 1262 2426 capituli
1310 2361 1464 2409 nostri
1510 2361 1714 2410 fecimus
1761 2362 1942 2426 apponi
1982 2391 1992 2402 ·
2041 2364 2194 2428 Apud

167 2451 504 2502 Aberbrothoc
527 2453 607 2502 die
635 2452 837 2503 Sabbati
867 2453 1095 2518 proxima
1125 2460 1239 2501 ante
1270 2451 1447 2500 festum
1471 2451 1614 2501 Beati
1641 2451 1910 2502 Clementis
1944 2454 2158 2503 martiris
2182 2482 2191 2491 ·

35 2550 39 2613 Q
171 2557 295 2600 anno
317 2542 519 2593 Domini
542 2543 796 2593 millefimo
820 2543 1152 2594 ducentesimo
1175 2540 1491 2606 nonogesimo
1514 2558 1646 2589 nono
1672 2570 1682 2580 ·

170 2700 565 2776 Memorandum
589 2728 723 2791 quod
745 2727 1000 2790 Eugenius
1022 2726 1152 2775 filius
1177 2731 1226 2773 et
1249 2724 1393 2773 heres
1417 2722 1533 2771 djai
1567 2722 1770 2785 Patricij
1791 2723 1980 2786 jurauit
2004 2732 2053 2771 et
2076 2723 2192 2772 fecit

166 2813 440 2865 fidelitatem
465 2817 663 2866 domino
688 2817 945 2867 Bernardo
970 2818 1050 2866 dei
1073 2816 1236 2882 gratia
1259 2815 1423 2864 abbati
1450 2815 1511 2862 de
1538 2813 1882 2863 Aberbrothoc
1906 2822 1956 2862 et
1980 2815 2190 2863 eiusdem

166 2904 260 2955 loci
298 2909 560 2958 conuentui
602 2917 651 2958 et
692 2926 864 2958 eorum
909 2908 1255 2958 successoribus
1300 2898 1392 2970 pro
1434 2905 1566 2954 dieta
1611 2912 1746 2953 terra
1783 2906 1849 2953 in.
1878 2905 2087 2954 claustro
2129 2907 2192 2955 ad

166 2995 535 3059 parliamentum
561 3007 835 3049 conuentus
864 3001 944 3049 die
974 3000 1168 3048 veneris
1195 2996 1421 3062 proxima
1448 3003 1563 3045 ante
1597 2995 1771 3044 festum
1809 2995 1972 3045 sanai
2002 2995 2191 3046 Mathei

45 3096 48 3124 ²
120 3112 123 3117 ·
168 3085 366 3149 apostoli
389 3096 438 3138 et
461 3090 734 3155 duplicabit
766 3092 958 3139 firmam
993 3092 1058 3140 ad
1091 3075 1327 3139 terminos
1354 3087 1522 3138 8311ἃί
1547 3087 1752 3136 Martini
1778 3094 1827 3135 et
1849 3087 2191 3151 penthecostes

166 3177 385 3239 proximo
408 3179 663 3245 sequentes
688 3198 818 3230 311110
843 3189 922 3231 etc
948 3209 957 3219 ·
982 3180 1210 3230 vicesimo
1233 3180 1436 3244 septimo
1462 3207 1472 3217 ·
