2612 3926
339 385 419 433 xvi
1200 376 1510 427 TABULA.

347 534 445 576 259.
477 529 737 588 composicio
761 529 871 571 inter
899 526 1148 570 monasteria
1178 524 1229 567 de
1257 520 1548 601 Aberbrothoc
1575 527 1618 562 et
1648 519 1700 561 de
1729 517 2052 575 Balmurynath.
2113 519 2240 562 1230.

533 604 684 660 Reyist.
708 603 788 645 Vet.
800 602 841 659 f.
863 602 932 654 26,
1044 630 1054 640 .
1229 630 1239 639 .
1415 626 1425 637 .
1601 624 1609 633 .
1789 624 1797 632 .
1977 623 1987 634 .
2166 623 2176 633 .
2227 590 2280 634 P.
2304 593 2384 635 197

349 679 446 722 260.
478 674 868 731 Confirmaciojuris
880 678 1123 731 patronatus
1134 669 1304 712 ecclesie
1319 669 1370 711 (16
1382 664 1672 710 Ferendracht
1683 678 1758 722 per
1773 663 2065 707 Alexandrum
2077 679 2242 722 papam.

538 751 662 792 1256.
720 747 871 803 Reyist.
896 747 974 788 Vet.
987 745 1029 802 f.
1051 745 1119 797 26,
1426 772 1437 782 .
1612 771 1623 782 .
1986 769 1997 780 .
2174 770 2184 780 .

351 824 448 866 261.
480 821 610 865 Carta
628 819 802 863 Roberti
821 816 1095 862 Warnebaldi
1114 822 1157 858 et
1176 813 1392 858 Richende
1412 827 1559 870 sponse
1578 826 1652 854 sue
1672 811 1724 854 (16
1743 817 1833 854 toto
1852 810 1973 854 feodo
1993 826 2068 855 suo
2089 811 2135 854 in
2150 826 2245 869 par-

536 893 677 936 rochia
695 892 747 934 de
766 890 955 934 Fordun.
1017 890 1143 932 1238.
1199 889 1349 944 Regist.
1374 889 1453 931 Vet.
1465 887 1508 944 f.
1527 888 1598 940 27,
1801 918 1812 928 .

353 969 452 1011 262.
484 965 761 1011 Confirmacio
773 963 902 1021 Regis
916 961 1149 1004 Alexandri
1163 975 1287 1018 super
1300 961 1446 1003 eadem
1465 967 1592 1003 carta.
1654 961 1781 1004 1238.
1841 960 1995 1016 Reyist.
2020 959 2100 1003 Vet.
2113 960 2154 1017 f.
2177 962 2247 1015 27,

355 1043 453 1085 263.
485 1039 614 1084 Carta
642 1036 858 1080 Richende
897 1035 948 1077 (16
978 1033 1227 1090 Berkelay
1215 1049 1260 1076 1n
1293 1034 1497 1077 viduitate
1536 1048 1612 1076 sua
1646 1033 1698 1075 (16
1731 1033 1874 1076 60(1616
1911 1032 2045 1076 feodo.
2121 1034 2248 1077 1245.

540 1112 691 1167 Β69ἰ8τ.
716 1111 794 1153 Vet.
809 1109 849 1166 f.
870 1110 940 1162 27,
1243 1138 1254 1150 .

355 1188 454 1230 264.
485 1183 762 1229 Confirmacio
789 1181 919 1238 Regis
945 1179 1178 1222 Alexandri
1198 1194 1322 1238 super
1348 1187 1463 1224 carta
1495 1179 1743 1238 supradicta.
1804 1139 1933 1223 1246.
1992 1180 2145 1236 Reyist.
2171 1180 2250 1222 Vet.

359 1333 455 1375 265.
488 1258 764 1385 Οεζῐὲἒᾝίε
785 1326 1016 1369 Alexandri
1036 1326 1088 1369 (16
1108 1333 1277 1370 centum
1306 1326 1446 1369 solidis
1469 1327 1581 1384 apud
1600 1285 2138 1371 Εο1ϊ61.1245..Ε11ιί6
2155 1285 2254 1369 MS.

545 1411 584 1446 et
602 1403 754 1458 Reyist.
778 1401 857 1444 Vet.
869 1401 910 1457 f.
932 1402 1002 1454 28,
1063 1432 1074 1443 .
1249 1433 1258 1442 .

361 1480 458 1522 266.
490 1476 620 1520 Carta
631 1475 759 1531 Regis
771 1473 1003 1516 Alexandri
1016 1473 1067 1516 de
1080 1473 1224 1516 decem
1235 1475 1386 1516 marcis
1398 1474 1510 1532 apud
1521 1473 1686 1516 Forfar.
1718 1432 1844 1517 1247.
1875 1474 2027 1530 Reqist.
2049 1473 2128 1517 Vet.
2133 1474 2174 1530 f.
2189 1474 2259 1526 28,

363 1554 460 1595 267.
489 1550 654 1592 Littera
672 1548 878 1591 Willelmi
898 1547 1077 1605 episcopi
1099 1547 1246 1591 Sancti
1265 1547 1438 1590 Andree
1453 1562 1576 1605 super
1593 1546 1766 1590 ecclesia
1782 1546 1833 1589 (16
1847 1546 2071 1604 Dunbulg.
2133 1548 2259 1590 1309.

550 1623 700 1679 Reyist.
724 1623 803 1665 Vet.
816 1622 856 1679 f.
878 1623 947 1675 28,
2190 1653 2201 1662 .

365 1700 463 1743 268.
493 1697 722 1738 Decretum
743 1694 920 1737 Henrici
939 1694 1120 1752 episcopi
1140 1693 1452 1737 Aberdonensis
1482 1709 1607 1752 super
1635 1701 1729 1737 octo
1758 1694 1908 1737 marcis
1939 1694 1991 1736 de
2020 1693 2176 1736 vicaria
2210 1692 2262 1735 de

553 1769 754 1826 Taruays.
816 1770 942 1811 1322.
1002 1769 1155 1824 Regi-st.
1179 1769 1259 1811 Vet.
1271 1769 1312 1825 f.
1333 1770 1403 1822 28,
1442 1801 1451 1810 .
1629 1800 1639 1810 .
1817 1799 1827 1809 .

369 1847 466 1889 269.
498 1843 627 1887 Carta
646 1842 851 1884 Bernardi
871 1842 1031 1884 abbatis
1050 1841 1162 1884 facta
1192 1841 1375 1885 Patricio
1405 1842 1457 1884 de
1477 1841 1668 1884 Abirden
1698 1855 1822 1898 super
1850 1848 1963 1884 terra
1992 1798 2044 1883 (16
2063 1798 2265 1882 Α1)61·(166

555 1916 710 1958 invico
731 1915 782 1957 (16
802 1915 1000 1973 Kirkgat.
1063 1917 1196 1959 1311-
1197 1917 1323 1959 1327.
1383 1916 1535 1972 Reyist.
1559 1916 1639 1958 Vet.
1653 1916 1694 1972 f.
1716 1917 1786 1970 28,
2194 1946 2205 1956 .

373 1993 470 2035 270.
502 1989 631 2034 Carta
650 1989 856 2032 Willelmi
875 1988 1056 2031 Abbatis
1085 1989 1196 2032 facta
1225 1988 1397 2032 Andree
1427 1989 1514 2031 filio
1533 1988 1768 2031 Alexandri
1798 1987 1963 2045 pistoris
1995 1947 2047 2029 de
2078 1994 2191 2029 terra
2221 1987 2267 2029 in

557 2063 727 2106 Karale.
779 2065 903 2106 1280.
952 2063 1104 2119 Reyist.
1125 2063 1206 2106 Vet-
1213 2063 1254 2119 f.
1272 2065 1341 2118 29,
1358 2063 1510 2119 Βορέα.
1527 2062 1628 2118 Niq.
1635 2062 1676 2118 f.
1694 2063 1732 2116 1,
1751 2062 1951 2117 etReqist.
1971 2061 2149 2117 Reyacic.
2160 2061 2203 2117 f.
2225 2061 2264 2114 1,

376 2139 474 2180 271.
504 2136 634 2180 Carta
667 2136 763 2178 Ade
795 2136 954 2178 abbatis
988 2136 1098 2178 facta
1127 2136 1161 2180 J
1163 2136 1318 2179 0116661
1346 2134 1574 2180 Wischard
1598 2134 1649 2176 de
1679 2133 1918 2177 molendino
1949 2133 2001 2176 de
2033 2132 2268 2177 Coneueth.

565 2211 690 2253 1245.
750 2210 901 2266 Reyist.
925 2210 1004 2252 Vet.
1017 2210 1057 2266 f.
1079 2212 1148 2264 29,
1639 2240 1650 2250 .
1825 2240 1835 2250 .
2014 2240 2025 2250 .
2202 2239 2212 2249 .

380 2285 477 2326 272.
509 2282 750 2327 0061166610
769 2282 879 2324 inter
897 2281 1108 2324 Abbatem
1125 2289 1167 2325 et
1185 2282 1428 2326 «Iohannem
1448 2281 1675 2325 Wischard
1696 2296 1820 2338 super
1839 2282 1959 2324 terris
1979 2281 2031 2323 de
2049 2280 2271 2324 Coneueth

504 2350 506 2352 V
565 2362 606 2397 et
626 2354 787 2396 Halton
808 2362 850 2396 et
871 2355 1112 2398 Scottiston.
1173 2357 1298 2398 1242.
1357 2356 1509 2412 Reyist.
1534 2356 1614 2398 Vet.
1626 2356 1667 2412 f.
1689 2357 1759 2409 29,
1825 2387 1835 2396 .
2201 2387 2211 2396 .

382 2431 480 2473 273.
512 2428 770 2485 Composicio
790 2429 899 2470 inter
917 2430 1214 2472 monasterium
1240 2430 1292 2472 (16
1320 2428 1603 2471 Abirbrothoc
1632 2435 1674 2471 et
1703 2428 1937 2471 Dominum
1966 2428 2204 2471 Henricum
2232 2428 2272 2471 16

570 2501 692 2544 Chen
713 2516 835 2558 super
854 2502 1025 2544 ecclesia
1044 2502 1096 2545 de
1114 2503 1344 2560 Inverugy.
1402 2503 1525 2546 Ethie
1543 2503 1838 2545 MS..

385 2576 483 2620 274.
514 2574 644 2618 Carta
662 2574 866 2618 Willelmi
885 2575 1064 2618 Abbatis
1084 2577 1194 2620 facta
1213 2577 1391 2635 Hugoni
1418 2577 1528 2619 dicto
1549 2576 1689 2618 Heem
1709 2590 1833 2633 super
1851 2582 1963 2618 terra
1993 2574 2044 2617 de
2072 2574 2271 2618 Latham.

573 2650 698 2692 1284.
756 2650 877 2692 Ethie
895 2650 1096 2693 MS..
1272 2684 1282 2694 .

388 2722 484 2764 275.
514 2720 583 2762 De
602 2727 734 2763 morte
755 2721 1005 2764 Constancie
1021 2722 1072 2765 (16
1086 2723 1284 2766 Midilton
1301 2731 1343 2766 et
1358 2723 1453 2768 Ade
1465 2725 1555 2782 ejus
1570 2724 1659 2766 filii.
1721 2725 1853 2767 1261-
1855 2724 1981 2766 1267.
2039 2722 2161 2766 Ethie
2174 2681 2272 2766 MS.

388 2795 486 2839 276.
517 2793 742 2838 ordinacio
762 2794 903 2838 David
922 2797 1101 2854 episcopi
1123 2796 1268 2841 Sancti
1286 2797 1459 2841 Andree
1479 2798 1531 2841 de
1551 2797 1710 2856 capella
1729 2804 1771 2840 et
1786 2796 1999 2855 capellano
2015 2796 2066 2839 (16
2082 2795 2275 2840 Cloveth.

562 2868 819 2912 1233-1251.
878 2870 1000 2914 Etlzie
1017 2871 1115 2914 MS.

2333 739 2389 781 ib.
