2554 3900
314 408 411 450 308
788 403 1208 454 REGISTRUM
1243 403 1338 452 DE
1378 376 1931 452 ABERBROTHOC.

314 535 447 597 quod·
469 551 558 582 nos
596 535 656 583 de
692 534 892 583 consilio
923 544 972 584 et
1007 534 1224 600 expresso
1260 534 1492 583 consensu
1529 541 1799 583 conuentus
1833 534 1987 582 nostri
2023 535 2344 583 commisimus

313 643 480 675 curam
506 634 555 675 et
579 626 847 675 custodiam
881 627 1057 674 domus
1086 626 1250 674 nostre
1286 626 1347 674 de
1379 625 1558 691 Fyvyn
1594 624 1959 675 Aberdonensis
1996 618 2198 674 diocesis
2233 643 2347 690 qua-

313 718 442 766 tinus
474 718 538 766 ad
570 735 660 766 nos
693 710 1116 782 in'spiritualibus
1147 724 1196 765 et
1230 717 1582 781 temporalibus
1617 719 1832 781 spe&are
1868 717 2134 766 dinoscitur
2170 717 2346 766 dile&o

311 808 438 857 socio
464 818 513 858 et
541 808 780 856 monacho
809 808 976 856 nostro
1012 808 1210 856 domino
1235 808 1500 858 Albertino
1525 809 1791 858 exhibitori
1823 809 2127 873 presencium
2163 809 2347 858 littera-

312 917 421 948 rum
458 928 468 938 ·
507 899 675 958 Quare
708 899 996 947 mandamus
1037 899 1261 947 omnibus
1296 899 1642 963 parrochianis
1669 900 1848 948 nostris
1887 909 1937 950 et
1977 902 2202 950 omnibus
2240 902 2348 950 aliis

312 1008 519 1055 quorum
542 990 744 1039 interest
762 989 991 1053 quatinus
1010 989 1138 1037 diao
1162 989 1427 1039 Albertino
1445 996 1678 1053 tanquam
1703 990 1890 1039 custodi
1915 993 2041 1041 diae
2067 994 2238 1041 domus
2257 993 2347 1042 sint

310 1061 620 1130 intendentes
657 1088 706 1129 et
739 1080 1088 1144 respondentes
1136 1081 1443 1129 consulentes
1490 1088 1539 1129 et
1584 1080 1875 1130 auxiliantes
1909 1083 2138 1146 precibus
2170 1084 2348 1132 nostris

311 1179 359 1220 et
399 1189 564 1220 amore
601 1201 616 1210 ·
649 1171 710 1219 In
749 1171 887 1220 cuius
926 1171 1000 1219 rei
1036 1171 1367 1220 testimonium
1401 1173 1707 1237 presentibus
1742 1173 1919 1222 litteris
1956 1174 2164 1240 sigillum
2203 1176 2345 1224 officii

309 1262 460 1311 nostri
498 1261 702 1310 fecimus
741 1262 922 1327 apponi
958 1290 968 1299 ·
1002 1261 1190 1311 Datum
1232 1264 1363 1327 apud
1403 1263 1750 1312 Aberbrothoc
1788 1265 1867 1313 die
1906 1266 2101 1314 veneris
2135 1266 2187 1313 in
2224 1267 2346 1314 festo

314 1353 479 1402 sancei
513 1351 721 1402 Martini
760 1353 812 1401 in
846 1353 1023 1417 hyeme
1065 1370 1195 1401 anno
1233 1354 1400 1418 gracie
1446 1353 1702 1403 millesimo
1742 1356 2084 1405 trecentesimo
2120 1357 2345 1406 vicesimo

308 1445 461 1492 tercio
487 1473 501 1481 —

308 1694 518 1767 Contra
541 1716 752 1765 vicarios
776 1717 837 1765 de
863 1716 1093 1766 Arbirlot
1115 1733 1266 1781 penes
1290 1717 1575 1782 pensionem
1597 1733 1813 1765 annnam
1837 1746 1851 1754 ν

122 1927 262 1992 [351]
308 1878 593 1951 Uniuerfis-
622 1899 872 1963 presentes
899 1899 1070 1948 literas
1103 1899 1389 1963 inspe&uris
1425 1898 1704 1952 Willelunus
1740 1900 1801 1947 de
1837 1898 2089 1964 Eglisham
2125 1900 2349 1948 officialis
2406 1961 2414 1969 ἡ

310 1992 443 2039 curie
471 1990 637 2040 Samffi
660 1990 866 2039 Andree
902 1999 1122 2039 eternam
1158 1991 1210 2038 in
1235 1990 1455 2039 Domino
1488 1990 1692 2040 salutem
1717 2019 1728 2030 ·
1762 1990 2022 2039 Noueritis-
2042 1991 2175 2055 quod
2199 1993 2347 2040 causa

306 2090 437 2130 mota
461 2099 627 2130 coram
651 2082 793 2130 nobis
816 2082 947 2130 inter
970 2081 1220 2147 religiosos
1246 2082 1376 2130 viros
1408 2082 1634 2131 abbatem
1668 2090 1717 2130 et
1753 2090 2052 2131 conuentum
2085 2083 2148 2130 de
2184 2083 2345 2131 Aber-

304 2174 510 2221 brothoc
535 2190 595 2221 ex
618 2180 765 2237 parte
785 2190 880 2221 vna
905 2180 954 2221 et
983 2172 1234 2220 dominum
1259 2172 1562 2222 Willelmum
1594 2180 1886 2237 perpetuum
1919 2174 2158 2222 vicarium
2190 2175 2346 2222 eccle-

253 2325 256 2330 ·
304 2265 368 2312 sie
404 2265 465 2311 de
497 2262 726 2312 Abrellot
756 2281 816 2311 ex
853 2264 1012 2312 altera
1045 2265 1190 2327 super
1226 2280 1322 2312 vna
1357 2281 1522 2312 annua
1555 2265 1786 2328 pensione
1822 2265 2029 2313 duarum
2063 2282 2343 2313 marcarum

304 2354 446 2402 diuis
465 2353 704 2418 religiosis
726 2370 815 2418 per
841 2353 1052 2402 eiusdem
1079 2354 1279 2402 ecclesie
1305 2355 1545 2406 vicarium
1570 2356 1738 2406 debita
1762 2357 1993 2420 quamab
2017 2374 2075 2404 eo
2106 2358 2341 2421 petebant

305 2461 415 2493 cum
438 2445 680 2493 instancia
703 2461 869 2492 coram
893 2444 1033 2492 nobis
1061 2462 1157 2493 vna
1191 2462 1301 2493 cum
1337 2446 1600 2511 arreragiis
1638 2447 1810 2512 viginzti
1847 2465 2088 2496 annorum
2121 2448 2177 2496 in
2209 2449 2345 2496 hunc

303 2537 498 2584 modum
527 2535 811 2600 conquieuit
832 2563 842 2572 ·
869 2535 1097 2585 videlicet
1132 2538 1264 2601 quod
1300 2537 1415 2585 dmi
1448 2537 1667 2602 religiosi
1696 2537 1872 2587 statum
1908 2539 2119 2587 eiusdem
2157 2540 2345 2588 vicarie

305 2627 666 2675 consitleran-tes
693 2626 1042 2690 impotenciam
1080 2627 1211 2676 suam
1244 2628 1547 2677 sterilitatem
1585 2639 1634 2678 et
1669 2630 2043 2679 destruffionem
2079 2632 2342 2695 parrochie

304 2720 384 2765 sue
401 2717 623 2766 habitam
644 2717 946 2781 temporibus
971 2719 1225 2766 retroaffis
1248 2735 1337 2783 per
1359 2736 1591 2783 guerram
1616 2728 1664 2768 et
1688 2720 2023 2786 intelligentes
2047 2722 2338 2771 remiserunt

303 2807 387 2856 sibi
412 2816 667 2872 gratanter
692 2808 857 2856 omnia
880 2808 1134 2873 arreragia
1157 2809 1284 2858 diste
1307 2809 1553 2874 pensionis
1577 2812 1727 2876 ufilue
1751 2813 1817 2860 ad
1846 2812 2110 2861 terminum
2134 2814 2343 2877 penthe-
2364 2879 2366 2881 Ι
2455 2841 2459 2845 -
2488 2808 2509 2827 ³
2543 2811 2546 2846 ἕ

305 2898 458 2947 costes
483 2899 601 2947 anni
623 2899 792 2964 gracie
817 2899 1056 2947 millesimi
1079 2901 1408 2950 trecentesimi
1433 2901 1645 2950 vicesimi
1683 2904 1823 2952 tercii
1848 2912 2016 2968 preter
2041 2921 2187 2953 vnam
2211 2922 2339 2954 mar·
2543 2888 2550 2899 ‚

304 3005 409 3037 cam
449 2989 642 3053 argenti
682 2990 828 3037 dietis
862 2989 1106 3055 religiosis
1139 3007 1228 3055 per
1266 2993 1480 3040 eundem
1520 2994 1763 3042 vicarium·
1797 2995 2077 3044 soluendam
2119 2997 2181 3044 ad
2216 2996 2340 3045 festa·-

300 3078 476 3142 pasche
501 3087 550 3127 et
576 3079 743 3128 Sanffi
767 3080 1028 3129 Michaelis
1053 3081 1337 3146 archangeli
1371 3112 1380 3122 ·
1412 3085 1530 3133 anni
1554 3087 1726 3150 gracie
1746 3087 1986 3136 millesimi
2010 3088 2334 3137 trecentesimi

304 3169 511 3217 vicesimi
535 3171 697 3233 quarti
722 3187 812 3234 pro
838 3171 1005 3234 equali
1035 3172 1271 3235 porcione
1313 3173 1379 3223 Et
1402 3175 1535 3224 idem
1559 3176 1771 3225 vicarius
1806 3178 1857 3226 in
1892 3178 2147 3242 presencia
2166 3178 2341 3247 nostra
