2554 3900
937 391 1171 443 INDEX
1207 393 1578 447 NOMINUM.

235 518 485 559 Keledeorum
515 518 626 569 prior,
660 519 813 567 Bricius,
842 523 906 569 50,
929 525 1016 570 134,
1037 524 1119 562 vide
1138 525 1230 564 Bre-

281 589 378 628 chin.
982 603 986 607 ’

234 657 370 705 Kelde,
390 656 567 706 Gillefali,
587 662 652 696 50.

356 726 562 774 Mathalan,
584 730 649 766 50.

232 796 362 843 Kelso,
381 796 496 835 abbas
514 797 574 842 de,
595 800 686 836 316.

353 866 470 905 abbas
487 866 546 913 de,
571 870 659 908 171.

233 936 362 983 Kelso,
381 935 560 987 (Kaleon,
575 936 726 983 Calcou,
742 937 897 987 Kalcov,
918 939 1096 992 Kalcoh,)
1114 942 1229 980 abbas

286 1006 344 1054 de,
364 1005 564 1054 Henricus,
586 1011 625 1053 8,
645 1010 709 1046 56.

353 1075 467 1115 abbas
481 1075 542 1120 de,
559 1076 584 1114 J
588 1075 767 1123 ohannes,
785 1081 821 1124 8,
843 1082 879 1125 9,
899 1081 962 1117 10.

353 1145 468 1184 abbas
486 1145 545 1192 de,
567 1145 759 1193 Osbertus,
782 1150 843 1193 18,
867 1150 956 1193 102,
979 1151 1066 1187 103.

354 1200 469 1254 abbas
487 1215 548 1262 de,
567 1214 794 1263 willelmus,
814 1220 904 1262 210,
926 1221 1015 1265 213,
1038 1221 1128 1258 220.

231 1285 372 1332 Kena,
391 1284 619 1336 Reginaldus
637 1286 698 1331 de,
719 1288 809 1333 266,
828 1300 862 1323 v.
882 1286 1027 1337 Kyner.

230 1354 430 1402 Keraldus,
448 1355 563 1393 frater
582 1354 669 1393 Ade
683 1354 833 1405 judicis,
855 1359 944 1401 162,
964 1370 998 1394 v.
1019 1356 1216 1396 Karaldus.

231 1423 399 1476 Kergyll,
417 1423 630 1476 capellanus
648 1424 708 1471 dc,
730 1425 953 1471 Bel-nardus,
972 1430 1033 1465 59.

229 1494 438 1539 Kerimore,
467 1493 681 1546 capellanus
718 1496 907 1546 (persona,
941 1496 1146 1545 sacerdos,)
1180 1497 1227 1535 de

283 1563 437 1611 Bricius,
459 1567 524 1611 34,
545 1567 609 1611 37,
630 1567 694 1611 80,
716 1568 779 1608 82,
800 1568 890 1603 331.

354 1634 392 1672 N
396 1633 562 1672 icholaus
580 1633 679 1672 filius
697 1633 867 1684 ejusdem
888 1635 1010 1682 Bricii,
1031 1638 1121 1674 331.

230 1703 398 1750 Kerneil,
435 1702 650 1742 willelmus
688 1703 750 1750 de,
795 1717 954 1756 persona
989 1704 1036 1743 de
1080 1705 1227 1752 nunde,

285 1776 373 1812 132.

230 1843 398 1891 Kernok,
419 1843 635 1895 capellanus
653 1844 714 1891 de,
734 1844 928 1891 Ricardus,
951 1848 1013 1883 59.

229 1914 384 1962 Keruel,
405 1913 572 1965 Rogerus
590 1914 638 1952 de
655 1913 704 1961 la,
726 1918 790 1953 61.

230 1983 345 2030 Keth,
363 1983 499 2035 (Keht,
519 1983 693 2034 Keithe,)
712 1984 897 2023 Robertus
911 1984 970 2032 de,
989 1983 1228 2022 marescallus

280 2053 421 2101 scocie,
441 2056 532 2098 211,
554 2055 646 2100 212,
668 2056 759 2098 213,
780 2057 870 2101 219,
892 2057 983 2099 338,
1004 2057 1095 2092 340.

229 2122 446 2174 Kinardley,
467 2123 796 2175 (Kinnardesley,)
816 2123 1026 2175 Stephanus
1045 2123 1103 2169 de,
1127 2127 1214 2164 178.

353 2192 565 2245 Stephanus
593 2192 690 2232 filius
718 2193 900 2245 Stephani
927 2193 986 2240 de,
1019 2196 1106 2240 178,
1140 2197 1226 2239 179,

286 2267 373 2302 184.

229 2333 410 2380 Kinedor,
429 2346 588 2384 persona
606 2332 666 2380 de,
687 2333 886 2381 Henricus,
911 2337 998 2378 136,
1023 2336 1110 2375 137.

230 2402 356 2450 Kinei,
375 2402 521 2442 Alanus
538 2403 652 2441 frater
669 2403 728 2450 de,
750 2406 813 2444 47.

354 2473 477 2511 David
494 2473 610 2512 frater
628 2473 687 2514 de.
709 2475 773 2514 47.

229 2543 461 2589 Kinemund,
479 2543 530 2581 A.
547 2543 608 2589 de,
627 2542 853 2582 senescallus
872 2543 1048 2594 episcopi,
1072 2547 1160 2582 119.

230 2612 404 2660 Kinetlis,
424 2619 545 2651 rector
563 2613 624 2660 de,
645 2612 872 2652 Laurencius
897 2612 945 2651 de
979 2613 1111 2652 Monte
1138 2613 1225 2661 alto,

284 2686 374 2729 187,
395 2685 485 2722 269.

229 2752 477 2804 Kinspinedy,
495 2765 654 2804 persona
671 2752 731 2799 de,
751 2752 888 2800 Adam,
912 2757 1000 2791 149.

228 2821 475 2874 Kircpatrick,
495 2822 662 2873 Rogerus
681 2822 740 2869 de,
756 2821 873 2870 miles,
896 2826 985 2861 213.

230 2891 494 2943 Koldingham‚
514 2891 600 2931 vide
619 2891 877 2942 coldingham.

230 2960 356 3012 Kossy,
378 2961 542 3000 Thomas
560 2961 656 3000 filius
673 2961 894 3012 Thaynide,
917 2966 1005 3001 164.

231 3030 379 3078 Konan,
399 3030 577 3070 Matheus
595 3031 655 3077 de,
679 3035 766 3070 190.

230 3100 431 3147 Krauford,
449 3101 534 3140 vide
552 3100 744 3140 Crauford.

231 3169 349 3217 Krok‚
368 3170 520 3222 Symon,
542 3174 630 3210 202.

2211 414 2304 463 357

1318 526 1572 580 Kylwynnyn,
1590 510 1703 570 ab'boe
1720 531 1780 576 de,
1803 536 1893 572 311.

1439 599 1554 638 abbas
1572 600 1630 648 de,
1651 601 1788 649 Adam,
1809 605 1898 642 288.

1317 665 1610 717 Kynblatmund,
1630 669 1799 710 dominus
1817 672 1875 720 de,
1897 673 2102 714 welauda·
2119 675 2167 715 <le
2183 676 2299 728 Seyn-

1369 735 1462 783 clau,
1485 740 1573 778 274.

1316 806 1457 856 Kyner,
1479 807 1702 856 Willelmus,
1723 813 1786 858 97,
1806 813 1889 850 vide
1909 812 2048 852 Kener.

1316 875 1509 928 Kyngorn,
1522 878 1646 917 Adam
1665 879 1724 926 de,
1743 879 1896 920 clericus
1909 881 2088 921 willelmi
2107 886 2212 935 regis,
2235 890 2296 928 54.

1368 948 1432 983 55.

1317 1013 1472 1064 Kynlos,
1492 1015 1606 1055 abbas
1620 1016 1679 1064 de,
1699 1021 1789 1057 313.

1438 1083 1552 1123 abbas
1569 1085 1629 1130 de,
1648 1086 1843 1135 Robertus,
1864 1093 1927 1127 93.

1318 1151 1532 1202 Kynnarde,
1553 1153 1714 1194 Thomas
1731 1156 1791 1203 de,
1809 1160 1898 1198 271.

1318 1220 1614 1271 Kynninmunffi,
1660 1224 1874 1264 Alexander
1918 1226 1976 1272 de,
2026 1227 2300 1267 archidiaconus

1372 1291 1572 1337 Laudonie‚
1591 1296 1681 1332 339.

1442 1360 1657 1400 Alexander
1691 1363 1750 1410 de,
1796 1364 1990 1416 episcopus
2036 1366 2300 1412 Brechinensis,

1375 1434 1462 1470 181.

1318 1499 1479 1551 Kynms,
1513 1499 1702 1550 (Kinros,)
1736 1501 1921 1542 Hem-icus
1950 1502 2009 1550 de,
2047 1508 2109 1551 25,
2142 1508 2203 1549 43,
2239 1510 2298 1550 88,

1376 1573 1462 1608 143.

1320 1638 1520 1690 Kyrcaudi,
1542 1639 1752 1680 Willelmus
1767 1641 1827 1687 de,
1847 1640 2012 1688 clericus,
2033 1645 2119 1684 277.

1321 1846 1376 1895 L.‚
1394 1848 1579 1899 magister,
1604 1853 1688 1887 104.

1321 1915 1434 1966 Lacu,
1451 1916 1475 1954 J
1479 1916 1642 1956 ohannes
1660 1917 1719 1966 de,
1739 1921 1828 1957 300.

1321 1985 1556 2033 Lamberton,
1576 1986 1761 2026 Robertus
1787 1987 1845 2034 de,
1877 1987 2151 2027 archidiaconus
2179 1990 2302 2029 Sancti

1373 2054 1538 2102 Andree,
1558 2059 1647 2095 305.

1440 2124 1653 2163 Willelmus
1671 2125 1728 2174 de,
1747 2132 1867 2164 rector
1883 2126 1931 2165 de
1949 2127 2165 2174 Turum-eth,
2190 2133 2274 2166 193.

1321 2193 1550 2242 Lambcrtus,
1570 2194 1723 2235 clericus
1742 2195 1994 2243 moraviensis,
2016 2201 2102 2235 142.

1321 2263 1508 2302 Laodonie
1535 2264 1771 2314 justiciarius,
1804 2265 1994 2304 Waltems
2026 2266 2178 2311 Olifard‚
2216 2271 2303 2311 120,

1374 2337 1464 2375 270.

1320 2403 1503 2451 Lasceles,
1535 2404 1752 2456 Radulphus
1780 2405 1841 2452 (le,
1869 2412 1987 2445 rector
2015 2406 2062 2444 de
2087 2407 2191 2457 Eoey,
2217 2411 2301 2448 187.

1373 2477 1463 2514 269.

1320 2544 1450 2594 Lascy,
1480 2544 1647 2595 Roget-us
1676 2543 1735 2592 de,
1772 2544 2058 2584 constabularius
2088 2546 2300 2590 cestrensis,

1372 2617 1462 2652 330.

1318 2683 1509 2728 Laweder,
1564 2682 1746 2721 Robertus
1789 2683 1848 2731 de,
1897 2683 2119 2733 justiciarius
2162 2686 2300 2728 Scocie,

1371 2755 1460 2791 223.

1318 2822 1539 2873 Laycestria,
1557 2821 1581 2859 J
1585 2821 1749 2860 ohannes
1766 2822 1826 2868 de,
1845 2824 1908 2860 35.

1319 2891 1517 2938 Lechtona,
1537 2890 1749 2929 Willelmus
1767 2891 1825 2938 de,
1845 2894 1934 2932 337.

1320 2960 1472 3007 Ledolfi,
1492 2960 1604 3011 Hugo
1622 2959 1729 3007 filius,
1753 2962 1815 3007 29,
1835 2963 1900 3006 30,
1920 2963 1984 3008 31,
2003 2963 2067 3005 32,
2086 2965 2149 3000 35.

1319 3030 1431 3076 Leic',
1449 3028 1660 3080 capellanus
1678 3028 1736 3076 de,
1756 3028 1816 3076 G„
1839 3032 1924 3067 150.

1441 3097 1650 3151 capellanus
1666 3098 1724 3145 de,
1738 3098 1796 3143 R„
1820 3102 1906 3137 150.

1441 3168 1595 3207 clericus
1613 3168 1671 3215 de,
1692 3166 1914 3213 willelmus,
1937 3171 2023 3206 150.
