2554 3900
664 409 1088 460 REGISTRUM
1121 409 1217 459 DE
1253 410 1800 466 ABERBROTHOC.
2145 430 2232 473 321

216 545 381 596 nostra
403 541 703 592 confirmafl'e
728 540 996 590 Malcolmo
1019 540 1055 589 J
1057 541 1237 590 anitori
1273 543 1334 591 de
1358 542 1650 610 Edinburgh
1674 547 1849 596 toftum
1874 551 2087 601 nostrum
2112 558 2238 619 quod

216 637 449 687 habemus
472 633 603 698 apud
627 632 922 696 Edinburgh
957 660 967 671 ·
1006 633 1273 680 tenendum
1309 632 1395 682 fibi
1431 642 1480 683 et
1513 634 1774 685 heredibus
1809 638 1904 687 suis
1938 641 1998 689 de
2033 644 2170 692 nobis
2194 655 2241 693 et

216 725 559 778 successoribus
582 723 760 773 nostris
783 723 854 772 ita
876 723 1032 771 libere
1058 730 1107 772 et
1132 723 1295 787 quiete
1319 724 1539 788 plenarie
1565 734 1613 774 et
1637 726 1903 778 honorifice
1928 730 2047 780 sicut
2071 733 2242 797 aliquis

216 815 464 884 burgenfis
487 817 540 864 in
564 822 668 864 toto
690 831 846 879 regno
873 813 1045 864 Scocie
1070 814 1270 878 aliquod
1294 815 1469 864 toftum
1494 816 1695 866 liberius
1725 827 1773 867 et
1805 821 2022 883 quiecius
2053 823 2243 887 plenius

217 916 266 959 et
287 905 697 957 honorificencius
732 906 793 954 de
828 905 971 953 nobis
1007 912 1143 954 tenet
1178 913 1226 954 et
1256 905 1459 970 poffidet
1495 934 1503 945 ·
1540 908 1810 958 Reddendo
1846 911 1960 962 inde
1993 917 2242 964 annuatim

204 999 355 1049 ‘nobis
378 997 638 1046 duodecim
661 995 890 1044 denarios
913 996 977 1043 ad
1000 994 1323 1045 Pentecosten
1358 1026 1368 1036 ·
1405 997 1471 1046 Et
1493 998 1955 1051 inueniendo·nobis
1987 1011 2036 1052 et
2067 1005 2243 1053 nostris

216 1107 327 1140 cum
359 1089 479 1138 illuc
514 1087 791 1136 venerimus
827 1103 939 1135 cum
973 1093 1106 1134 terra
1141 1087 1226 1136 illa
1257 1089 1478 1138 habitata
1510 1090 1658 1139 fuerit
1691 1091 1944 1142 honestum
1978 1095 2242 1160 hospicium

31 1179 94 1258 ἵζ’
131 1211 135 1214 ·
214 1183 380 1232 lumen
412 1180 573 1229 albam
606 1177 863 1228 candelam
893 1177 963 1225 sal
997 1184 1046 1226 et
1079 1177 1376 1228 lectisternia.
1407 1206 1418 1218 ·
1453 1179 1519 1228 Et
1554 1180 1606 1228 in
1638 1181 1783 1230 huius
1814 1183 1886 1231 rei
1921 1183 2243 1235 testimonium

214 1272 427 1339 presenti
452 1271 629 1336 scripto
654 1268 864 1335 figillum
887 1268 1107 1317 nostrum
1131 1269 1438 1334 apposuimus
1463 1299 1473 1310 ·
1499 1271 1618 1319 teste
1645 1272 1860 1336 capitulo
1885 1273 2047 1322 nostro
2072 1304 2082 1314 ·

219 1515 446 1602 Ardory
489 1566 498 1576 ·
541 1538 684 1600 super
731 1534 934 1584 decimis
976 1535 1191 1583 eiusdem
1227 1561 1236 1571 ·
1275 1533 1581 1598 Compoficio
1626 1536 1756 1585 inter
1802 1537 2143 1586 monasterium
2190 1540 2249 1588 de

221 1629 388 1694 Cupro
413 1637 463 1678 et
486 1627 834 1677 Aberbrothoc
859 1654 868 1663 -

34 1797 117 1894 (Α
158 1797 178 1866 ]
220 1790 491 1863 Nouerint
514 1810 723 1861 vniuerfi
746 1811 842 1858 hoc
868 1809 1099 1873 scriptum
1125 1807 1272 1856 visuri
1305 1808 1383 1856 vel
1418 1809 1633 1857 audituri
1668 1809 1799 1872 quod
1833 1826 1942 1857 cum
1976 1819 2108 1858 mota
2141 1809 2254 1858 esset

223 1903 556 1954 controuerfia
587 1903 719 1952 inter
754 1901 1008 1950 dominum
1045 1900 1271 1948 abbatem
1306 1900 1367 1949 de
1406 1900 1573 1965 Cupro
1609 1907 1658 1949 et
1705 1908 1995 1949 conuentum
2044 1899 2253 1949 eiusdem

223 1995 321 2045 loci
343 2013 404 2044 ex
428 2012 526 2044 vna
546 2001 687 2060 parte
713 2001 761 2043 et
785 1992 1039 2042 dominum
1063 1993 1288 2041 abbatem
1320 1999 1369 2040 et
1404 1999 1699 2040 conuentum
1733 1992 1793 2039 de
1828 1990 2159 2040 Abirbrothoc
2195 2008 2254 2039 ex

225 2087 381 2136 altera
415 2088 559 2151 super
597 2085 801 2135 decimis
837 2084 1084 2134 cuiusdam
1119 2084 1272 2148 partis
1309 2091 1439 2132 terre
1477 2084 1538 2131 de
1574 2083 1750 2148 Adory
1783 2082 1966 2131 scilicet
2000 2099 2093 2146 que
2129 2082 2255 2131 iacet

224 2177 355 2226 inter
377 2177 595 2226 riuulum
620 2177 704 2240 qui
732 2183 934 2225 vocatur
960 2174 1104 2240 Hory
1130 2192 1188 2222 ex
1223 2182 1362 2238 parte
1398 2173 1624 2222 orientali
1650 2174 1795 2236 vsque
1830 2173 1893 2221 ad
1926 2172 2138 2220 riuulum
2173 2172 2256 2235 qui

227 2276 430 2318 vocatur
455 2268 763 2334 Aldymacry
787 2284 847 2316 ex
874 2274 1015 2330 parte
1050 2265 1345 2314 occidentali
1380 2272 1476 2313 tam
1512 2264 1775 2328 majoribus
1810 2279 1955 2326 quam
1988 2262 2255 2311 minoribus

229 2367 278 2410 et
323 2359 514 2408 diucius
560 2358 799 2408 ventilata
842 2357 896 2406 in
943 2356 1158 2420 capitulo
1206 2357 1267 2404 de
1313 2356 1517 2422 Anegus
1564 2383 1574 2393 ·
1630 2355 1854 2404 Tandem
1902 2353 1980 2402 die
2026 2352 2254 2401 mercurii

230 2453 455 2518 proxima
497 2452 607 2516 post
652 2451 827 2500 festum
878 2448 1045 2499 Sancti
1086 2447 1294 2496 Martini
1339 2447 1490 2496 Anno
1535 2446 1699 2511 gracie
1738 2444 1989 2493 millesimo
2030 2450 2103 2492 cc⁰
2142 2444 2258 2507 xlvj⁰

226 2551 391 2609 partes
416 2520 798 2607 comparuerunt
819 2558 910 2606 per
939 2546 1284 2605 procuratores
1307 2538 1544 2604 legittime
1570 2537 1854 2586 constitutos
1877 2536 1939 2584 ad
1964 2551 2254 2599 componen-

229 2637 345 2685 dum
377 2643 426 2684 et
456 2633 823 2699 transigendum
853 2632 906 2679 in
945 2629 1149 2680 ecclefia
1182 2629 1478 2694 parrochiali
1515 2628 1576 2676 de
1613 2626 1787 2675 Forfar
1827 2642 1989 2675 coram
2026 2624 2254 2688 magistro

230 2726 434 2776 Andrea
459 2726 520 2774 de
547 2710 814 2773 Aberdene
839 2721 1034 2771 officiali
1059 2720 1245 2769 domini
1269 2719 1484 2785 episcopi>
1507 2718 1669 2768 Sancti
1704 2718 1905 2766 Andree
1940 2723 1988 2764 et
2027 2714 2254 2780 magistro

0 2796 3 2883 l
47 2808 95 2890 ,ζ’-ξ
232 2819 441 2867 Andrea'
455 2815 651 2864 officiali
668 2813 1006 2864 archidiaconi
1029 2812 1194 2862 Sancti
1212 2811 1414 2859 Andree
1439 2818 1487 2859 et
1505 2809 1701 2858 domino
1720 2807 1966 2856 Richardo
1984 2806 2169 2854 decano
2194 2805 2254 2854 de

0 2884 4 2963 ξ,
51 2906 109 2980 {fc
234 2910 411 2976 Augus
437 2912 454 2958 ι’
474 2908 736 2958 Judicibus
761 2905 1022 2955 ordinariis
1045 2911 1209 2969 partes
1233 2903 1338 2951 suas
1363 2909 1412 2950 et
1435 2900 1772 2950 auctoritatem
1795 2896 2171 2962 prorogantibus
2194 2896 2256 2944 ad

2 3009 5 3055 ἶ
39 2968 113 3067 {⁴3
227 3014 407 3067 pacem
429 3002 560 3050 inter
582 3006 748 3065 partes
771 2997 1171 3047 reformandam·
1195 2994 1280 3043 Lis
1303 3001 1436 3042 mota
1457 2993 1587 3040 inter
1620 2996 1783 3054 partes
1817 2989 1870 3036 in
1903 2987 2035 3035 hunc
2058 2987 2255 3035 modum

40 3067 71 3088 ιθ»

237 3092 560 3157 conquieuit·
597 3091 874 3140 videlicet·
910 3089 1044 3153 quod
1082 3086 1298 3152 predicte
1339 3083 1527 3132 decime
1566 3081 1718 3146 petite
1757 3077 2080 3128 remanebunt
2119 3075 2258 3124 diais

236 3186 400 3240 abbati
423 3193 472 3236 et
497 3163 762 3235 conuentui
786 3183 846 3231 de
874 3181 1043 3246 Cupro
1067 3180 1412 3245 inperpetuum
1434 3173 1638 3239 pacifice
1675 3202 1685 3213 ·
1721 3171 1786 3219 Et
1819 3168 1996 3235 prefati
2033 3165 2257 3215 monachi

1193 3273 1223 3319 2
1251 3286 1274 3317 s
