2554 3900
618 411 1041 464 REGISTRUM
1073 412 1170 462 DE
1205 413 1760 467 ABERBROTHoc.
1881 387 1884 390 ’
2120 428 2216 472 283

182 546 458 598 monasterii
490 545 751 595 secundum
794 544 1136 594 rationabilem
1177 546 1376 594 modum
1414 546 1695 596 vocacionis
1727 548 1862 597 salua
1897 549 1993 599 fide
2025 552 2211 602 domini

182 638 330 689 nostri
366 637 496 702 regis
533 643 582 687 et
619 635 827 685 aliorum
868 635 1178 684 dominorum
1224 654 1444 687 meorum
1491 638 1710 702 priorum
1749 647 1798 689 et
1832 640 2108 704 specialiter
2148 646 2211 693 ad

182 727 591 779 manutenendum
632 733 682 775 et
721 727 1111 790 promouendum
1153 734 1310 776 terras
1352 735 1401 777 et
1440 728 1662 777 homines
1700 732 1969 785 eorundem
2010 732 2060 780 in
2104 734 2210 783 iure

181 820 262 868 suo
297 818 433 867 iuxta
466 817 596 882 pofl'e
632 833 795 864 meum
835 843 845 854 ·
881 816 948 865 Et
985 817 1127 881 super
1164 818 1257 865 hiis
1293 818 1432 866 dietis
1471 819 1707 883 religiosis
1743 828 1791 870 et
1826 838 1996 871 eorum
2031 823 2211 873 succes-

182 911 361 960 soribus
383 925 476 973 pro
501 916 721 972 tempore
744 924 854 958 meo
885 907 1136 957 fidelitatis
1171 909 1360 973 prestiti
1397 909 1750 959 sacramentum
1787 914 2030 978 reiignaui
2055 915 2209 964 eciam

180 1000 354 1050 eisdem
392 1006 440 1048 et
481 997 610 1064 [per]
653 997 901 1062 presentes
938 998 1130 1064 refigno
1171 999 1450 1064 pensionem
1491 1017 1705 1049 annuam
1744 1002 1866 1050 mihi
1907 1003 2081 1054 fafitam
2121 1022 2210 1070 per

179 1091 423 1140 dominum
464 1089 499 1138 J
502 1089 745 1138 ohannem
786 1089 971 1137 dudum
1015 1090 1239 1139 abbatem
1281 1091 1342 1140 (10
1380 1090 1727 1140 Aberbrothoc
1766 1100 1815 1141 et
1856 1093 2066 1143 eiusdem
2115 1096 2211 1145 loci

179 1188 470 1232 conuentum
501 1179 889 1245 predecessorem
924 1181 1155 1230 videlicet
1190 1182 1307 1230 dieti
1341 1181 1528 1230 domini
1564 1182 1809 1231 Bernardi
1843 1185 2210 1249 percipiendam

179 1273 238 1322 de
271 1289 432 1320 annuo
466 1271 664 1321 redditu
701 1271 761 1318 de
799 1270 1058 1320 Coneueth
1091 1272 1163 1321 ita
1197 1273 1329 1336 quod
1363 1271 1596 1336 scriptum
1630 1273 1750 1321 mihi
1784 1274 1900 1323 inde
1936 1276 2210 1326 confestum

178 1362 354 1413 nullius
374 1361 570 1426 penitus
594 1361 650 1409 fit
673 1360 917 1409 firmitatis
942 1389 952 1399 ·
987 1363 1049 1410 In
1072 1379 1280 1425 quorum
1305 1362 1521 1411 omnium
1554 1363 1882 1412 testimonium
1907 1365 2209 1429 presentibus

178 1453 377 1520 figillum
417 1469 579 1502 meum
614 1451 684 1500 est
724 1451 990 1516 appensum
1024 1482 1035 1492 ·
1072 1452 1262 1502 Datum
1296 1455 1427 1518 apud
1451 1454 1689 1502 Aberden
1724 1455 1804 1503 die
1832 1455 1963 1519 j0uis
1986 1457 2210 1520 proxima

176 1551 285 1594 ante
317 1542 489 1592 festum
521 1543 663 1592 beate
699 1542 860 1592 Marie
896 1543 1194 1609 Magdalene
1218 1561 1349 1592 anno
1382 1544 1550 1609 gracie
1586 1544 1834 1595 ‹oillefimo
1870 1546 2206 1595 trecentesimo

177 1635 459 1686 duodecimo
484 1662 494 1672 ·

180 1870 447 1943 Affedatio
472 1890 773 1940 decimarum
797 1891 1072 1956 garbalium
1098 1890 1298 1939 ecclefie
1324 1891 1385 1940 de
1410 1890 1656 1940 Inuernes
1671 1920 1681 1930 ·

62 2058 140 2126 29]
181 2050 578 2135 Memorandum
614 2072 746 2135 quod
780 2070 860 2119 die
895 2070 1128 2119 mercurii
1151 2071 1375 2135 proximo
1400 2078 1514 2120 ante
1541 2071 1716 2120 festum
1740 2071 2014 2120 natiuitatis
2042 2068 2205 2119 Sanffi

177 2162 414 2218 «Iohannis
451 2162 670 2227 Baptiste
706 2179 836 2211 anno
873 2163 1042 2228 gracie
1079 2162 1328 2213 millesimo
1363 2163 1702 2228 trecentesimo
1739 2162 2034 2211 duodecimo
2059 2190 2069 2201 ·
2103 2160 2206 2209 Do-

177 2255 332 2315 minus
377 2254 659 2305 Bernardus
703 2253 1013 2318 pcrmiffione
1052 2254 1223 2302 diuina
1262 2254 1410 2302 abbas
1451 2255 1513 2303 de
1556 2253 1901 2302 Aberbrothoc
1943 2279 1954 2289 ·
1997 2251 2207 2300 vtilitate

178 2345 449 2395 monasterii
484 2345 555 2394 sui
590 2344 896 2394 considerata
930 2345 1129 2393 nomine
1167 2344 1250 2393 suo
1286 2353 1334 2394 et
1370 2353 1642 2394 conuentus
1672 2344 1742 2393 sui
1767 2342 1996 2393 conceffit
2019 2350 2069 2392 et
2093 2341 2206 2390 affe-

178 2437 311 2487 dauit
348 2436 616 2487 venerabili
649 2436 703 2484 in
746 2434 940 2485 Christo
975 2436 1105 2500 patri
1146 2436 1344 2485 domino
1379 2437 1549 2486 Dauid
1585 2436 1685 2486 Dei
1717 2420 1888 2501 gracia
1910 2432 2208 2483 Morauienfi

179 2527 394 2594 episcopo
429 2544 596 2576 omnes
633 2528 811 2592 garbas
847 2527 1110 2575 decimales
1147 2528 1211 2576 ad
1245 2527 1498 2578 ecclefiam
1534 2529 1667 2576 suam
1702 2527 1763 2576 de
1799 2526 2043 2591 Inuernys
2076 2523 2206 2588 spec·

181 2625 334 2677 tantes
357 2618 504 2683 usque
538 2619 591 2667 in
624 2619 772 2666 finem
797 2619 1005 2666 duorum
1042 2636 1281 2667 annorum
1318 2637 1348 2668 a
1382 2621 1496 2668 dato
1520 2619 1756 2684 presentis
1781 2616 2012 2666 continue
2037 2631 2203 2663 nume-

181 2710 440 2772 randorum
484 2709 630 2774 plene
678 2717 726 2758 et
771 2710 964 2775 integre
1017 2711 1418 2774 complendorum
1475 2729 1566 2777 pro
1624 2708 1982 2775 quinquaginta
2026 2706 2204 2754 marcis

182 2798 518 2866 sterlingorum
554 2818 674 2865 quas
709 2801 841 2850 idem
877 2801 1103 2850 dominus
1141 2802 1393 2868 episcopus
1429 2802 1648 2867 predifim
1685 2799 1883 2848 domino
1919 2796 2084 2846 abbati
2117 2811 2206 2860 pre

183 2891 402 2954 manibus
423 2892 692 2956 persoluit·
719 2901 768 2942 et
791 2909 911 2957 quas
946 2892 1078 2941 idem
1101 2893 1327 2941 dominus
1360 2894 1509 2941 abbas
1531 2891 1729 2940 nomine
1755 2889 1836 2937 suo
1861 2897 1911 2937 et
1934 2893 2206 2936 conuentus

185 2982 255 3032 sui
275 2983 455 3032 fatetur
478 2984 526 3032 se
550 2983 781 3048 recepifl'e
818 2984 870 3032 111
896 2984 1029 3033 vsutn
1066 2991 1115 3032 et
1149 2984 1411 3033 Vtilitatem
1434 2982 1549 3031 dieti
1584 2978 1864 3029 monasterii
1899 2977 1969 3025 sui
2004 2992 2206 3025 conuer-

187 3073 354 3138 tendas
397 3074 468 3122 ita
506 3076 638 3139 quod
678 3075 820 3124 dietis
861 3075 1051 3124 duobus
1098 3075 1239 3123 annis
1286 3073 1538 3138 completis
1579 3071 1767 3120 decime
1812 3067 2038 3134 garbales
2085 3066 2210 3114 diae

188 3163 383 3215 ecclefie
408 3182 518 3213 cum
541 3166 674 3214 omni
692 3167 805 3230 jure
829 3166 913 3215 suo
938 3167 1002 3215 ad
1034 3167 1111 3226 ius
1145 3175 1194 3216 et
1221 3167 1573 3232 proprietatem
1597 3162 1715 3212 (116ὶί
1750 3158 2030 3209 monasterii
2065 3165 2113 3206 et
2149 3158 2211 3206 ad
