2554 3900
618 404 1040 456 REGISTRUM
1073 404 1169 452 DE
1205 404 1758 456 ABERBROTHOC.
2107 415 2202 458 285

166 541 384 592 omnibus
409 547 458 588 et
481 538 613 586 salua
635 538 776 586 nobis
801 544 850 585 et
874 536 1168 585 monasterio
1192 535 1358 583 nostro
1390 537 1497 600 post
1532 544 1738 586 mortem
1774 538 1889 586 dieti
1926 539 2198 590 Alexandri

167 629 352 695 integre
393 638 526 679 terra
565 628 730 676 nostra
769 627 989 691 predicta
1030 628 1090 675 de
1127 627 1291 692 Turry
1334 658 1344 667 ·
1388 645 1499 675 cum
1537 628 1740 677 edificiis
1778 646 1878 678 non
1913 630 2197 680 construffis

165 726 213 773 in
250 724 417 772 eadem
455 728 503 769 et
539 736 627 784 per
663 719 818 783 ipsum
857 728 906 767 et
946 719 1168 767 homines
1206 718 1314 766 suos
1352 736 1473 782 quos
1511 719 1761 768 induxerit
1797 721 1857 768 de
1893 729 2056 770 cetero
2082 739 2194 770 con-

22 778 25 871 l
163 813 398 863 struendis
424 843 434 853 ·
470 811 535 859 Et
560 810 806 859 sciendum
839 810 909 858 est
945 811 1077 874 quod
1113 810 1146 858 si
1183 810 1347 874 aliqua
1381 811 1573 859 decima
1595 811 1784 875 papalis
1810 812 1887 860 vel
1912 812 2046 860 aliud
2071 830 2193 860 onus

22 881 23 900 ᾖ
162 901 599 955 extraordinarium
622 918 711 965 per
745 918 924 964 papam
960 901 1038 949 vel
1079 901 1263 949 clerum
1305 902 1523 965 predicte
1565 911 1696 952 terre
1736 904 1798 951 de
1839 903 2007 968 Turry
2040 904 2192 968 impo-

160 1005 302 1057 natur
324 1021 334 1032 ·
358 994 510 1042 diffsus
537 991 823 1040 Alexander
848 993 908 1040 de
933 992 1026 1040 hiis
1061 1009 1161 1039 non
1197 993 1444 1041 tenebitur
1479 994 1773 1058 respondere
1799 1022 1809 1031 ·
1845 994 1905 1043 In
1942 996 2080 1043 cuius
2117 999 2189 1045 rei

159 1085 480 1137 testimonium
505 1100 762 1132 commune
788 1082 998 1148 sigillum
1033 1084 1236 1147 capituli
1271 1084 1422 1132 nostri
1458 1085 1763 1148 presentibus
1788 1085 1858 1134 est
1882 1088 2150 1151 appensum
2175 1117 2184 1126 ·

156 1177 338 1228 Datum
384 1175 514 1240 apud
556 1173 902 1223 Aberbrothoc
949 1174 1029 1222 die
1065 1174 1196 1237 jouis
1236 1174 1460 1238 proximo
1495 1174 1602 1239 post
1643 1175 1815 1224 festum
1856 1177 2185 1226 transsationis

159 1267 319 1320 Sancti
346 1266 536 1315 Thome
559 1265 775 1315 martiris
800 1282 930 1314 anno
953 1265 1121 1333 gracie
1144 1265 1396 1313 millefimo
1421 1265 1760 1315 trecentesimo
1786 1268 2077 1317 duodecimo
2104 1297 2112 1306 ·

24 1537 27 1632 j
154 1519 358 1592 Littera
391 1537 684 1603 obligatoria
719 1536 939 1602 Rayneri
977 1538 1041 1584 ad
1077 1536 1302 1584 abbatem
1338 1536 1645 1585 Bernardum
1682 1555 1772 1601 pro
1810 1538 2098 1587 vi&ualibus
2135 1548 2182 1587 et

24 1635 27 1713 j
157 1631 307 1681 officio
330 1629 576 1682 senescalli
600 1656 610 1665 ·

16 1797 114 1864 [¹31]
158 1791 554 1880 Memorandum
572 1811 702 1874 quod
724 1809 878 1874 [cum]
908 1809 1134 1857 dominus
1159 1808 1443 1857 Bernardus
1462 1808 1561 1858 Dei
1585 1810 1748 1874 gratia
1771 1811 1921 1858 abbas
1941 1812 2001 1858 de
2022 1811 2179 1859 Aber-

134 1902 351 1952 ·brothoc
374 1901 571 1950 nomine
596 1903 678 1949 suo
704 1909 752 1949 et
778 1907 1049 1949 conuentus
1075 1900 1144 1947 sui
1167 1900 1409 1963 petiuiss'et
1432 1918 1462 1949 a
1486 1900 1719 1965 Raynero
1744 1901 1844 1948 filio
1871 1901 2023 1949 Alani
2051 1903 2178 1950 iexa·

153 1993 285 2058 ginta
306 1994 383 2042 sex
409 1993 558 2042 libras
582 2009 672 2056 pro
699 1991 900 2039 decimis
925 1989 1236 2039 ecclefiarum
1261 1992 1322 2040 de
1349 1991 1501 2039 Banff
1523 2000 1571 2040 et
1596 1992 1656 2040 de
1682 1991 1995 2040 Abirkerdor
2020 1993 2179 2041 eidem

153 2083 367 2134 afl'edatis
389 2101 476 2149 per
509 2084 760 2132 dominum
795 2082 830 2131 J
833 2082 1076 2130 ohannem
1106 2083 1166 2130 de
1191 2078 1369 2147 Angus
1405 2083 1652 2146 quondam
1685 2083 1909 2131 abbatem
1934 2083 1995 2131 de
2022 2084 2179 2130 Aber—

151 2169 682 2239 brothoc‘temporibus
719 2173 893 2237 quibus
928 2173 1111 2236 prefuit
1146 2174 1295 2222 abbas
1328 2182 1376 2222 et
1402 2174 1577 2238 viginti
1600 2173 1751 2222 libras
1775 2191 1865 2238 pro
1892 2175 2093 2222 decimis
2118 2177 2179 2223 de

132 2302 135 2304 -
155 2265 365 2331 Cythves
383 2294 393 2304 ·
412 2267 471 2314 de
496 2265 714 2314 terminis
738 2282 979 2313 annorum
1003 2265 1171 2329 gracie
1195 2265 1430 2314 millesimi
1455 2265 1782 2314 trecentefimi
1802 2266 1992 2329 septimi
2013 2267 2172 2314 celaui

139 2363 199 2404 ‘et
231 2356 346 2404 noni
387 2386 396 2395 ·
439 2374 497 2405 ac
531 2358 661 2405 idem
699 2355 959 2420 Raynerus
996 2344 1085 2419 pier
1120 2356 1336 2405 litteram
1371 2357 1504 2404 suam
1551 2363 1802 2420 patentem
1845 2364 2074 2404 oneratus
2116 2359 2176 2405 de

135 2455 370 2512 compoto
406 2449 698 2496 summarum
739 2447 947 2511 pecunie
988 2446 1316 2511 predifflsarum
1341 2446 1588 2510 'quasdam
1629 2446 1892 2494 solutiones
1933 2447 2178 2511 allegasset

150 2555 235 2602 per
270 2539 422 2603 ipsum
452 2538 588 2587 fuisse
626 2539 777 2588 saetas
814 2539 865 2586 in
903 2539 1107 2587 denario
1145 2546 1195 2586 et
1232 2523 1488 2585 denariata
1524 2537 1780 2585 abbatibus
1817 2545 1865 2584 et
1895 2540 2175 2586 camerariis

151 2629 210 2678 de
246 2630 587 2679 Aberbrothoc
626 2631 766 2679 dietis
804 2630 1106 2694 temporibus
1152 2629 1204 2676 in
1255 2628 1424 2676 officiis
1471 2628 1742 2676 constitutis
1791 2628 2033 2691 optulisset
2080 2648 2187 2693 que

150 2719 196 2768 se
226 2721 287 2789 ad
321 2721 627 2785 probandum
663 2738 751 2785 per
784 2721 1137 2785 parrochianos
1169 2720 1409 2767 dictarum
1443 2718 1755 2766 ecclefiarum
1789 2728 1837 2768 et
1861 2719 1982 2767 alios
2005 2720 2173 2768 fideles

151 2811 304 2874 patrie
338 2812 520 2860 circum
560 2812 841 2860 adiacentes
880 2812 1012 2875 quod
1050 2811 1238 2858 decime
1272 2810 1356 2858 fibi
1396 2817 1449 2858 ut
1495 2810 1676 2857 dictum
1725 2808 1793 2857 est
1840 2809 2048 2858 affedate
2085 2829 2173 2874 per

152 2918 451 2951 communem
474 2892 703 2968 guerram
735 2911 783 2951 et
818 2903 915 2951 alia
949 2902 1300 2966 impedimenta
1332 2899 1639 2948 ineuitabilia
1672 2900 1873 2949 fuerunt
1896 2901 2027 2963 quasi
2054 2910 2174 2950 tota-

151 2991 261 3041 liter
300 2993 535 3042 destructe
574 3023 584 3033 ·
615 2994 680 3042 Et
718 2994 859 3057 super
895 2993 989 3040 hiis
1026 3009 1190 3040 coram
1233 2991 1430 3039 domino
1473 2989 1666 3038 officiali
1703 2990 2044 3038 Aberdonenfi
2085 3009 2173 3056 per

152 3082 327 3131 di8mm
353 3085 602 3132 dominum
626 3085 852 3133 abbatem
876 3091 924 3132 et
949 3084 1131 3132 di&um
1165 3083 1450 3147 Raynerum
1486 3081 1677 3128 diucius
1705 3080 1860 3128 fuifl'et
1885 3081 2172 3131 altercatum

152 3173 289 3236 super
322 3162 556 3238 petitione
595 3176 714 3224 diei
751 3175 937 3224 domini
978 3163 1166 3223 abbatis
1206 3181 1254 3221 et
1290 3171 1567 3244 defenfiorge
1606 3171 1721 3217 diai
1761 3171 1979 3235 Rayneri
2021 3176 2037 3220 ε
2074 3173 2174 3236 ipsa
