2554 3900
412 422 507 470 236

853 421 1272 471 REGISTRUM
1306 421 1400 469 DE
1437 419 1986 469 ABERBROTHOC.
2237 421 2433 484 [TAXAT.

544 552 717 601 Eccfia
739 553 799 601 de
825 553 1006 601 wedale
1032 581 1041 591 ·
1272 590 1281 599 .
1484 578 1492 587 -
1697 588 1706 598 .
1909 577 1919 587 ·
1942 551 2024 598 lxx
2051 579 2060 589 ·
2085 565 2239 599 marc*
2264 579 2272 589 ·

545 642 718 690 Eccfia
741 643 801 690 de
827 641 1227 707 chyldinchirche
1253 668 1262 678 ·
1485 677 1495 686 .
1703 676 1712 685 .
1916 667 1925 676 ·
1949 640 1999 686 xl
2024 667 2034 677 ·
2060 654 2212 687 marc*
2239 669 2247 678 -

1088 819 1148 867 In
1173 819 1413 867 decanatu
1437 819 1498 866 de
1521 818 1724 883 fothryf‘
1750 845 1759 854 ·

548 909 719 958 Eccfia
741 910 802 956 de
827 909 1111 956 clacmanan
1137 938 1146 947 ·
1269 946 1276 954 .
1483 946 1491 955 .
1587 976 1589 978 ι
1699 946 1709 956 .
1913 935 1922 944 ·
1947 909 1996 955 xl
2020 935 2030 946 ·
2054 924 2207 957 marc*
2232 937 2241 947 ·

546 999 717 1048 Ecclia
739 1000 799 1047 de
823 999 1027 1048 mukard
1051 1026 1060 1035 -
1275 1036 1284 1045 .
1489 1037 1497 1045 .
1704 1035 1713 1045 .
1917 1025 1926 1036 ·
1951 1016 1981 1046 x
2006 1026 2015 1036 ·
2039 1013 2193 1048 marc*
2218 1029 2227 1038 ·

546 1090 718 1138 Eccfia
740 1090 800 1137 de
823 1089 1034 1137 kernok⁴
1059 1116 1068 1126 ·
1281 1126 1290 1135 .
1486 1127 1495 1135 .
1702 1127 1711 1136 .
1913 1119 1923 1128 ·
1951 1107 1976 1138 6
2002 1117 2011 1128 ·
2036 1096 2058 1138 ἔ
2082 1119 2092 1128 ·

544 1180 716 1228 Ecciia
739 1180 799 1228 de
824 1185 957 1243 torry
978 1208 987 1218 ·
1277 1217 1286 1225 .
1493 1217 1502 1226 .
1706 1218 1716 1227 .
1919 1210 1929 1219 -
1958 1181 2039 1244 viij
2068 1210 2078 1220 ·
2104 1196 2256 1229 mare*
2283 1209 2291 1217 ·

545 1270 715 1318 Ecclia
739 1270 798 1317 de
823 1270 1126 1334 dfifermelyn
1153 1299 1163 1309 ·
1267 1305 1276 1314 .
1484 1306 1492 1315 .
1701 1307 1710 1316 .
1916 1297 1926 1307 ·
1952 1287 1978 1318 6
2003 1299 2014 1308 ·
2039 1271 2110 1318 lib
2133 1298 2143 1307 ·

545 1359 716 1408 Eoeiia
739 1360 800 1406 de
825 1342 1100 1423 inffkethyn
1125 1386 1134 1396 ·
1310 1359 1312 1362 ’
1914 1390 1922 1397 .
1950 1360 2031 1408 xlv
2057 1389 2067 1399 .
2093 1374 2247 1409 marc*
2272 1388 2281 1397 .

544 1450 717 1497 Ecclia
741 1449 800 1496 de
824 1466 920 1512 pua
943 1448 1184 1512 kingorn·
1274 1486 1282 1495 .
1916 1476 1926 1488 .
1952 1466 1978 1497 ρ
2003 1476 2013 1486 .
2038 1453 2061 1498 g
2088 1478 2097 1488 .

546 1539 717 1587 Ecclia
740 1540 800 1586 de
824 1555 1003 1602 magna
1026 1538 1237 1603 kingorn
1265 1569 1279 1597 ¹·

544 1629 715 1676 Ecclia
738 1630 798 1676 (16
822 1628 1046 1693 kircaldy
1070 1655 1080 1664 ·

544 1719 716 1767 Ecclia
739 1720 799 1766 de
824 1719 1001 1783 dysard
1024 1745 1033 1754 ·

542 1809 715 1857 Ecelia
738 1809 798 1856 de
823 1809 1011 1856 Wemis
1036 1836 1045 1846 ·

544 1898 714 1947 Eceiia
738 1881 798 1947 de
822 1898 1058 1954 methkffl
1083 1925 1090 1935 -

542 1990 710 2038 Ecclia
736 1991 795 2038 de
823 1989 937 2038 Cles
962 2018 972 2027 ·

542 2081 713 2128 Eeclia
737 2081 796 2127 (16
821 2063 1002 2144 11561168
1026 2107 1036 2117 ·

545 2171 714 2219 Ecclia
737 2172 806 2218 de.
820 2178 1074 2234 portmooc
1101 2199 1110 2209 ·
1206 2174 1224 2182 ‘
1279 2208 1288 2217 .

545 2261 716 2310 Eeclia
738 2262 798 2308 de
823 2261 1065 2323 hurkedry,
1090 2267 1148 2309 cs]
1177 2262 1337 2325 capell
1362 2293 1370 2302 ·

542 2352 713 2399 Ecelia
736 2352 796 2398 (16
819 2350 1056 2416 kinglafl'y
1083 2380 1092 2389 ·

543 2442 715 2491 Eessiia
738 2442 798 2488 de
822 2441 1079 2504 markinge
1105 2470 1114 2479 ·

544 2532 716 2580 Ecclia
739 2533 799 2580 de
822 2515 1079 2597 kingoffyn
1106 2560 1115 2570 ·

545 2622 717 2670 Ecciia
740 2623 800 2670 de
826 2622 1132 2687 ochtirmody
1158 2601 1178 2673 Ᾰ,
1278 2659 1288 2669 .

546 2713 716 2761 Ecelia
739 2713 799 2760 de
824 2713 1081 2776 ardingros
1106 2740 1115 2750 ·
1183 2739 1189 2742 ·
1280 2750 1289 2759 .

545 2803 716 2851 Eeclia
739 2804 799 2850 de
824 2803 974 2850 fothir
999 2831 1009 2840 ·

544 2893 715 2941 Eeclia
739 2893 798 2940 de
824 2893 966 2958 quylt
990 2920 999 2930 ·

547 2984 718 3032 Eeclia
740 2985 800 3032 de
823 2983 1030 3032 loscrefk
1056 2990 1116 3031 οῦ
1142 2984 1232 3046 cas)
1259 3012 1267 3021 ·

1919 1567 1929 1578 ·
1953 1540 2034 1588 xlv
2056 1540 2211 1605 [lxv?]
2233 1570 2243 1579 ·
2260 1556 2412 1589 marc*
2431 1571 2440 1580 ·

1923 1660 1932 1670 ·
1955 1631 2086 1694 xxiiij
2106 1645 2308 1679 ·marc‘'·

1925 1750 1934 1760 ·
1961 1738 2024 1768 xx
2049 1748 2059 1758 ·
2083 1736 2237 1770 marc*
2260 1749 2269 1759 ·

1922 1839 1931 1848 ·
1956 1812 2020 1875 xij
2049 1839 2058 1848 ·
2084 1825 2238 1859 marc*
2263 1841 2272 1850 ·

1917 1929 1926 1938 ·
1952 1919 1981 1949 V
2005 1928 2016 1938 ·
2039 1916 2193 1950 Inar&²
2220 1932 2229 1941 ·

1918 2021 1927 2030 ·
1954 2010 1985 2039 X
2008 2019 2018 2030 ·
2042 2007 2197 2040 marc*
2222 2020 2231 2028 ·

1918 2112 1928 2121 ·
1955 2101 2083 2131 XXXV
2104 2112 2114 2122 ·
2130 2098 2283 2131 marc*
2299 2112 2308 2121 ·

1919 2204 1927 2212 ·
1950 2174 2083 2237 xxiiij
2103 2203 2112 2212 ·
2130 2189 2284 2222 marc*
2302 2206 2310 2214 ·

1917 2291 1926 2300 ·
1951 2282 2047 2312 XXX
2072 2291 2083 2302 ⁸
2107 2279 2260 2313 marc*
2286 2292 2294 2300 ·

1919 2383 1928 2392 -
1955 2354 2034 2402 xl·
2056 2367 2209 2402 marc*
2235 2381 2245 2391 ·

1913 2472 1922 2482 ·
1947 2445 2029 2492 xlv
2054 2473 2064 2483 ·
2090 2459 2242 2492 marc*
2268 2472 2277 2480 ·

1922 2564 1931 2573 ·
1958 2552 2021 2582 XX
2047 2563 2056 2574 ·
2082 2548 2235 2582 marc*
2261 2563 2269 2571 ·

1916 2653 1926 2663 ·
1951 2626 2032 2673 xlv
2058 2653 2067 2662 ·
2091 2640 2244 2680 marc*
2270 2655 2279 2664 ·

1920 2745 1931 2755 ·
1957 2717 2001 2779 vj
2031 2747 2041 2757 ·
2066 2730 2220 2764 marc*

1921 2834 1930 2843 ·
1957 2805 2026 2867 iiij
2054 2834 2064 2843 ·
2090 2819 2242 2852 marc*
2269 2834 2277 2842 ·

1923 2922 1932 2931 ·
1957 2913 2019 2942 xv
2045 2922 2054 2931 ·
2078 2908 2232 2943 marc*
2257 2921 2266 2931 ·

1918 3022 1927 3031 .
1955 3003 2081 3033 XXXV
2101 3012 2110 3022 ·
2130 2999 2282 3033 marc*
2303 3015 2311 3023 ·
