<?xml version="1.0" encoding="UTF-8"?>
<!DOCTYPE html PUBLIC "-//W3C//DTD XHTML 1.0 Transitional//EN"
    "http://www.w3.org/TR/xhtml1/DTD/xhtml1-transitional.dtd">
<html xmlns="http://www.w3.org/1999/xhtml" xml:lang="en" lang="en">
 <head>
  <title>
</title>
<meta http-equiv="Content-Type" content="text/html;charset=utf-8" />
  <meta name='ocr-system' content='tesseract 3.04.00' />
  <meta name='ocr-capabilities' content='ocr_page ocr_carea ocr_par ocr_line ocrx_word'/>
</head>
<body>
  <div class='ocr_page' id='page_1' title='image "./libersthomedea0186arbruoft_0396.png"; bbox 0 0 2554 3900; ppageno 0'>
   <div class='ocr_carea' id='block_1_1' title="bbox 343 390 1926 444">
    <p class='ocr_par' dir='ltr' id='par_1_1' title="bbox 343 390 1926 444">
     <span class='ocr_line' id='line_1_1' title="bbox 343 390 1926 444; baseline 0.003 -6"><span class='ocrx_word' id='word_1_1' title='bbox 343 390 440 440; x_wconf 88' lang='lat'>316</span> <span class='ocrx_word' id='word_1_2' title='bbox 786 391 1209 442; x_wconf 80' lang='lat' dir='ltr'>REGISTRUM</span> <span class='ocrx_word' id='word_1_3' title='bbox 1242 393 1339 443; x_wconf 91' lang='lat' dir='ltr'>DE</span> <span class='ocrx_word' id='word_1_4' title='bbox 1373 393 1926 444; x_wconf 86' lang='lat' dir='ltr'><strong>ABERBROTHOC.</strong></span> 
     </span>
    </p>
   </div>
   <div class='ocr_carea' id='block_1_2' title="bbox 342 591 1049 677">
    <p class='ocr_par' dir='ltr' id='par_1_2' title="bbox 342 591 1049 677">
     <span class='ocr_line' id='line_1_2' title="bbox 342 591 1049 677; baseline -0.003 -14"><span class='ocrx_word' id='word_1_5' title='bbox 342 591 609 663; x_wconf 85' lang='lat' dir='ltr'>Bernardi</span> <span class='ocrx_word' id='word_1_6' title='bbox 636 613 825 662; x_wconf 88' lang='lat' dir='ltr'>abbatis</span> <span class='ocrx_word' id='word_1_7' title='bbox 848 614 1014 677; x_wconf 79' lang='lat' dir='ltr'>pensio</span> <span class='ocrx_word' id='word_1_8' title='bbox 1039 642 1049 651; x_wconf 90' lang='lat'><strong>·</strong></span> 
     </span>
    </p>
   </div>
   <div class='ocr_carea' id='block_1_3' title="bbox 160 776 2373 957">
    <p class='ocr_par' dir='ltr' id='par_1_3' title="bbox 160 776 2373 957">
     <span class='ocr_line' id='line_1_3' title="bbox 160 776 2372 861; baseline -0.002 -15"><span class='ocrx_word' id='word_1_9' title='bbox 160 781 299 846; x_wconf 77' lang='lat'>[358]</span> <span class='ocrx_word' id='word_1_10' title='bbox 344 776 620 848; x_wconf 82' lang='lat' dir='ltr'>Vniuersis</span> <span class='ocrx_word' id='word_1_11' title='bbox 644 798 802 846; x_wconf 60' lang='lat' dir='ltr'>sanfioe</span> <span class='ocrx_word' id='word_1_12' title='bbox 826 798 995 846; x_wconf 86' lang='lat' dir='ltr'>matris</span> <span class='ocrx_word' id='word_1_13' title='bbox 1021 797 1220 846; x_wconf 87' lang='lat' dir='ltr'>ecclesie</span> <span class='ocrx_word' id='word_1_14' title='bbox 1243 797 1356 846; x_wconf 90' lang='lat' dir='ltr'>filiis</span> <span class='ocrx_word' id='word_1_15' title='bbox 1379 797 1626 861; x_wconf 81' lang='lat' dir='ltr'>presentes</span> <span class='ocrx_word' id='word_1_16' title='bbox 1649 797 1838 845; x_wconf 80' lang='lat' dir='ltr'>litteras</span> <span class='ocrx_word' id='word_1_17' title='bbox 1873 795 2159 860; x_wconf 55' lang='lat' dir='ltr'>inspeduris</span> <span class='ocrx_word' id='word_1_18' title='bbox 2184 794 2372 843; x_wconf 91' lang='lat' dir='ltr'>Willel-</span> 
     </span>
     <span class='ocr_line' id='line_1_4' title="bbox 342 885 2373 957; baseline -0.001 -21"><span class='ocrx_word' id='word_1_19' title='bbox 342 905 448 937; x_wconf 91' lang='lat' dir='ltr'>mus</span> <span class='ocrx_word' id='word_1_20' title='bbox 471 889 789 937; x_wconf 85' lang='lat' dir='ltr'>miseracione</span> <span class='ocrx_word' id='word_1_21' title='bbox 808 888 978 936; x_wconf 90' lang='lat' dir='ltr'>diuina</span> <span class='ocrx_word' id='word_1_22' title='bbox 998 887 1163 936; x_wconf 61' lang='lat' dir='ltr'>Sancti</span> <span class='ocrx_word' id='word_1_23' title='bbox 1183 887 1387 935; x_wconf 87' lang='lat' dir='ltr'>Andree</span> <span class='ocrx_word' id='word_1_24' title='bbox 1405 887 1625 935; x_wconf 88' lang='lat' dir='ltr'>minister</span> <span class='ocrx_word' id='word_1_25' title='bbox 1642 887 1840 957; x_wconf 87' lang='lat' dir='ltr'>humilis</span> <span class='ocrx_word' id='word_1_26' title='bbox 1861 887 2061 935; x_wconf 85' lang='lat' dir='ltr'>salutem</span> <span class='ocrx_word' id='word_1_27' title='bbox 2084 887 2136 934; x_wconf 93' lang='lat' dir='ltr'>in</span> <span class='ocrx_word' id='word_1_28' title='bbox 2155 885 2373 933; x_wconf 89' lang='lat' dir='ltr'>Domino</span> 
     </span>
    </p>
   </div>
   <div class='ocr_carea' id='block_1_4' title="bbox 2491 810 2529 875">
    <p class='ocr_par' dir='ltr' id='par_1_4' title="bbox 2491 810 2529 875">
     <span class='ocr_line' id='line_1_5' title="bbox 2491 810 2529 875; baseline -0.105 0"><span class='ocrx_word' id='word_1_29' title='bbox 2491 810 2529 875; x_wconf 61' lang='lat'>{²20</span> 
     </span>
    </p>
   </div>
   <div class='ocr_carea' id='block_1_5' title="bbox 286 977 2517 2491">
    <p class='ocr_par' dir='ltr' id='par_1_5' title="bbox 286 977 2517 2491">
     <span class='ocr_line' id='line_1_6' title="bbox 341 977 2374 1043; baseline -0.001 -18"><span class='ocrx_word' id='word_1_30' title='bbox 341 978 684 1042; x_wconf 85' lang='lat' dir='ltr'>sempiternam</span> <span class='ocrx_word' id='word_1_31' title='bbox 720 1004 731 1014; x_wconf 89' lang='lat'><strong>·</strong></span> <span class='ocrx_word' id='word_1_32' title='bbox 772 977 1096 1026; x_wconf 86' lang='lat' dir='ltr'>Vniuersitati</span> <span class='ocrx_word' id='word_1_33' title='bbox 1144 977 1299 1026; x_wconf 89' lang='lat' dir='ltr'>vestre</span> <span class='ocrx_word' id='word_1_34' title='bbox 1346 985 1515 1026; x_wconf 90' lang='lat' dir='ltr'>notum</span> <span class='ocrx_word' id='word_1_35' title='bbox 1564 978 1770 1026; x_wconf 87' lang='lat' dir='ltr'>facimus</span> <span class='ocrx_word' id='word_1_36' title='bbox 1815 995 1904 1042; x_wconf 88' lang='lat' dir='ltr'>per</span> <span class='ocrx_word' id='word_1_37' title='bbox 1950 978 2194 1043; x_wconf 82' lang='lat' dir='ltr'>presentes</span> <span class='ocrx_word' id='word_1_38' title='bbox 2243 977 2374 1040; x_wconf 93' lang='lat' dir='ltr'>quod</span> 
     </span>
     <span class='ocr_line' id='line_1_7' title="bbox 342 1064 2373 1132; baseline -0.001 -17"><span class='ocrx_word' id='word_1_39' title='bbox 342 1085 429 1116; x_wconf 93' lang='lat' dir='ltr'>nos</span> <span class='ocrx_word' id='word_1_40' title='bbox 453 1069 503 1115; x_wconf 91' lang='lat' dir='ltr'>in</span> <span class='ocrx_word' id='word_1_41' title='bbox 530 1067 811 1116; x_wconf 86' lang='lat' dir='ltr'>visitacione</span> <span class='ocrx_word' id='word_1_42' title='bbox 846 1067 1011 1116; x_wconf 88' lang='lat' dir='ltr'>nostra</span> <span class='ocrx_word' id='word_1_43' title='bbox 1045 1068 1172 1116; x_wconf 62' lang='lat' dir='ltr'>faEta</span> <span class='ocrx_word' id='word_1_44' title='bbox 1208 1068 1338 1132; x_wconf 91' lang='lat' dir='ltr'>apud</span> <span class='ocrx_word' id='word_1_45' title='bbox 1363 1067 1709 1116; x_wconf 90' lang='lat' dir='ltr'>Aberbrothoc</span> <span class='ocrx_word' id='word_1_46' title='bbox 1745 1068 1798 1115; x_wconf 88' lang='lat' dir='ltr'>in</span> <span class='ocrx_word' id='word_1_47' title='bbox 1831 1064 2130 1116; x_wconf 48' lang='lat' dir='ltr'>monasterio*</span> <span class='ocrx_word' id='word_1_48' title='bbox 2161 1067 2373 1115; x_wconf 91' lang='lat' dir='ltr'>eiusdem</span> 
     </span>
     <span class='ocr_line' id='line_1_8' title="bbox 342 1157 2374 1222; baseline -0.001 -15"><span class='ocrx_word' id='word_1_49' title='bbox 342 1159 421 1207; x_wconf 89' lang='lat' dir='ltr'>die</span> <span class='ocrx_word' id='word_1_50' title='bbox 445 1158 630 1207; x_wconf 81' lang='lat' dir='ltr'>sabbati</span> <span class='ocrx_word' id='word_1_51' title='bbox 654 1158 706 1206; x_wconf 88' lang='lat' dir='ltr'>in</span> <span class='ocrx_word' id='word_1_52' title='bbox 741 1159 910 1222; x_wconf 90' lang='lat' dir='ltr'>vigilia</span> <span class='ocrx_word' id='word_1_53' title='bbox 945 1159 1273 1222; x_wconf 89' lang='lat' dir='ltr'>apostolorum</span> <span class='ocrx_word' id='word_1_54' title='bbox 1309 1158 1527 1222; x_wconf 89' lang='lat' dir='ltr'>Philippi</span> <span class='ocrx_word' id='word_1_55' title='bbox 1562 1165 1610 1206; x_wconf 90' lang='lat' dir='ltr'>et</span> <span class='ocrx_word' id='word_1_56' title='bbox 1637 1157 1673 1206; x_wconf 86' lang='lat' dir='ltr'>J</span> <span class='ocrx_word' id='word_1_57' title='bbox 1675 1158 1815 1206; x_wconf 89' lang='lat' dir='ltr'>acobi</span> <span class='ocrx_word' id='word_1_58' title='bbox 1851 1176 1961 1206; x_wconf 89' lang='lat' dir='ltr'>cum</span> <span class='ocrx_word' id='word_1_59' title='bbox 1998 1158 2374 1206; x_wconf 87' lang='lat' dir='ltr'>continuacione</span> 
     </span>
     <span class='ocr_line' id='line_1_9' title="bbox 343 1248 2375 1312; baseline -0.001 -15"><span class='ocrx_word' id='word_1_60' title='bbox 343 1250 533 1297; x_wconf 77' lang='lat' dir='ltr'>dierum</span> <span class='ocrx_word' id='word_1_61' title='bbox 557 1249 868 1312; x_wconf 89' lang='lat' dir='ltr'>sequencium</span> <span class='ocrx_word' id='word_1_62' title='bbox 898 1266 1026 1297; x_wconf 90' lang='lat' dir='ltr'>anno</span> <span class='ocrx_word' id='word_1_63' title='bbox 1050 1248 1256 1296; x_wconf 90' lang='lat' dir='ltr'>Domini</span> <span class='ocrx_word' id='word_1_64' title='bbox 1290 1249 1542 1298; x_wconf 89' lang='lat' dir='ltr'>millesimo</span> <span class='ocrx_word' id='word_1_65' title='bbox 1578 1248 1918 1298; x_wconf 85' lang='lat' dir='ltr'>trecentesimo</span> <span class='ocrx_word' id='word_1_66' title='bbox 1955 1248 2179 1297; x_wconf 81' lang='lat' dir='ltr'>vicesimo</span> <span class='ocrx_word' id='word_1_67' title='bbox 2204 1251 2375 1296; x_wconf 56' lang='lat' dir='ltr'>ostano</span> 
     </span>
     <span class='ocr_line' id='line_1_10' title="bbox 344 1339 2375 1404; baseline -0 -17"><span class='ocrx_word' id='word_1_68' title='bbox 344 1339 656 1388; x_wconf 73' lang='lat' dir='ltr'>assidentibus</span> <span class='ocrx_word' id='word_1_69' title='bbox 696 1341 838 1388; x_wconf 91' lang='lat' dir='ltr'>nobis</span> <span class='ocrx_word' id='word_1_70' title='bbox 879 1339 1238 1388; x_wconf 86' lang='lat' dir='ltr'>venerabilibus</span> <span class='ocrx_word' id='word_1_71' title='bbox 1275 1340 1497 1404; x_wconf 88' lang='lat' dir='ltr'>patribus</span> <span class='ocrx_word' id='word_1_72' title='bbox 1535 1340 1942 1393; x_wconf 85' lang='lat' dir='ltr'>monasteriorum</span> <span class='ocrx_word' id='word_1_73' title='bbox 1968 1340 2040 1387; x_wconf 49' lang='lat' dir='ltr'>‘de</span> <span class='ocrx_word' id='word_1_74' title='bbox 2080 1339 2273 1387; x_wconf 87' lang='lat' dir='ltr'>Kalcou</span> <span class='ocrx_word' id='word_1_75' title='bbox 2314 1339 2375 1386; x_wconf 90' lang='lat' dir='ltr'>de</span> 
     </span>
     <span class='ocr_line' id='line_1_11' title="bbox 341 1429 2375 1494; baseline -0 -17"><span class='ocrx_word' id='word_1_76' title='bbox 341 1429 678 1494; x_wconf 87' lang='lat' dir='ltr'>Dunfermlyn</span> <span class='ocrx_word' id='word_1_77' title='bbox 728 1429 895 1479; x_wconf 68' lang='lat' dir='ltr'>Sancti</span> <span class='ocrx_word' id='word_1_78' title='bbox 939 1429 1143 1478; x_wconf 91' lang='lat' dir='ltr'>Andree</span> <span class='ocrx_word' id='word_1_79' title='bbox 1178 1430 1346 1494; x_wconf 91' lang='lat' dir='ltr'>priore</span> <span class='ocrx_word' id='word_1_80' title='bbox 1393 1432 1454 1479; x_wconf 90' lang='lat' dir='ltr'>de</span> <span class='ocrx_word' id='word_1_81' title='bbox 1489 1431 1811 1479; x_wconf 81' lang='lat' dir='ltr'>Jeddeworth</span> <span class='ocrx_word' id='word_1_82' title='bbox 1847 1431 1907 1479; x_wconf 92' lang='lat' dir='ltr'>de</span> <span class='ocrx_word' id='word_1_83' title='bbox 1950 1429 2198 1478; x_wconf 89' lang='lat' dir='ltr'>Lundoris</span> <span class='ocrx_word' id='word_1_84' title='bbox 2230 1437 2279 1477; x_wconf 92' lang='lat' dir='ltr'>et</span> <span class='ocrx_word' id='word_1_85' title='bbox 2314 1430 2375 1476; x_wconf 93' lang='lat' dir='ltr'>de</span> 
     </span>
     <span class='ocr_line' id='line_1_12' title="bbox 347 1500 2402 1585; baseline 0 -15"><span class='ocrx_word' id='word_1_86' title='bbox 347 1521 514 1584; x_wconf 89' lang='lat' dir='ltr'>Cupro</span> <span class='ocrx_word' id='word_1_87' title='bbox 538 1520 638 1568; x_wconf 91' lang='lat' dir='ltr'>Dei</span> <span class='ocrx_word' id='word_1_88' title='bbox 671 1520 841 1585; x_wconf 83' lang='lat' dir='ltr'>gracia</span> <span class='ocrx_word' id='word_1_89' title='bbox 875 1521 1144 1569; x_wconf 85' lang='lat' dir='ltr'>abbatibus.</span> <span class='ocrx_word' id='word_1_90' title='bbox 1167 1538 1225 1569; x_wconf 89' lang='lat' dir='ltr'>ac</span> <span class='ocrx_word' id='word_1_91' title='bbox 1261 1521 1368 1570; x_wconf 88' lang='lat' dir='ltr'>aliis</span> <span class='ocrx_word' id='word_1_92' title='bbox 1403 1521 1626 1585; x_wconf 87' lang='lat' dir='ltr'>pluribus</span> <span class='ocrx_word' id='word_1_93' title='bbox 1663 1522 1781 1570; x_wconf 89' lang='lat' dir='ltr'>viris</span> <span class='ocrx_word' id='word_1_94' title='bbox 1817 1500 2151 1569; x_wconf 86' lang='lat' dir='ltr'>ecclesiasticis</span> <span class='ocrx_word' id='word_1_95' title='bbox 2186 1520 2402 1570; x_wconf 89' lang='lat' dir='ltr'>inueni-.</span> 
     </span>
     <span class='ocr_line' id='line_1_13' title="bbox 342 1611 2376 1676; baseline -0 -16"><span class='ocrx_word' id='word_1_96' title='bbox 342 1628 449 1660; x_wconf 89' lang='lat' dir='ltr'>mus</span> <span class='ocrx_word' id='word_1_97' title='bbox 472 1611 752 1676; x_wconf 88' lang='lat' dir='ltr'>religiosum</span> <span class='ocrx_word' id='word_1_98' title='bbox 788 1611 948 1660; x_wconf 89' lang='lat' dir='ltr'>virum</span> <span class='ocrx_word' id='word_1_99' title='bbox 978 1612 1230 1660; x_wconf 89' lang='lat' dir='ltr'>dominum</span> <span class='ocrx_word' id='word_1_100' title='bbox 1266 1612 1575 1660; x_wconf 88' lang='lat' dir='ltr'>Bernardum</span> <span class='ocrx_word' id='word_1_101' title='bbox 1611 1613 1711 1661; x_wconf 89' lang='lat' dir='ltr'>Dei</span> <span class='ocrx_word' id='word_1_102' title='bbox 1745 1613 1916 1675; x_wconf 83' lang='lat' dir='ltr'>gracia</span> <span class='ocrx_word' id='word_1_103' title='bbox 1947 1612 2156 1676; x_wconf 63' lang='lat' dir='ltr'>predififi</span> <span class='ocrx_word' id='word_1_104' title='bbox 2191 1613 2376 1659; x_wconf 88' lang='lat' dir='ltr'>monas-</span> 
     </span>
     <span class='ocr_line' id='line_1_14' title="bbox 342 1701 2377 1752; baseline 0 -2"><span class='ocrx_word' id='word_1_105' title='bbox 342 1703 455 1750; x_wconf 90' lang='lat' dir='ltr'>terii</span> <span class='ocrx_word' id='word_1_106' title='bbox 501 1703 726 1750; x_wconf 86' lang='lat' dir='ltr'>abbatem</span> <span class='ocrx_word' id='word_1_107' title='bbox 774 1701 980 1750; x_wconf 68' lang='lat' dir='ltr'>ele&amp;um</span> <span class='ocrx_word' id='word_1_108' title='bbox 1005 1726 1007 1728; x_wconf 90' lang='lat'>·</span> <span class='ocrx_word' id='word_1_109' title='bbox 1028 1704 1091 1750; x_wconf 88' lang='lat' dir='ltr'>ad</span> <span class='ocrx_word' id='word_1_110' title='bbox 1132 1702 1384 1751; x_wconf 84' lang='lat' dir='ltr'>ecclesiam</span> <span class='ocrx_word' id='word_1_111' title='bbox 1429 1702 1748 1752; x_wconf 88' lang='lat' dir='ltr'>Sodorensem</span> <span class='ocrx_word' id='word_1_112' title='bbox 1795 1705 1921 1751; x_wconf 91' lang='lat' dir='ltr'>bene</span> <span class='ocrx_word' id='word_1_113' title='bbox 1969 1703 2281 1751; x_wconf 87' lang='lat' dir='ltr'>laudabiliter</span> <span class='ocrx_word' id='word_1_114' title='bbox 2329 1710 2377 1750; x_wconf 87' lang='lat' dir='ltr'>et</span> 
     </span>
     <span class='ocr_line' id='line_1_15' title="bbox 339 1784 2377 1858; baseline -0.001 -17"><span class='ocrx_word' id='word_1_115' title='bbox 339 1792 541 1841; x_wconf 88' lang='lat' dir='ltr'>honeste</span> <span class='ocrx_word' id='word_1_116' title='bbox 567 1791 733 1841; x_wconf 80' lang='lat' dir='ltr'>vixisse</span> <span class='ocrx_word' id='word_1_117' title='bbox 758 1800 806 1840; x_wconf 91' lang='lat' dir='ltr'>et</span> <span class='ocrx_word' id='word_1_118' title='bbox 830 1793 882 1840; x_wconf 92' lang='lat' dir='ltr'>in</span> <span class='ocrx_word' id='word_1_119' title='bbox 907 1793 1146 1857; x_wconf 86' lang='lat' dir='ltr'>regimine</span> <span class='ocrx_word' id='word_1_120' title='bbox 1171 1794 1290 1841; x_wconf 58' lang='lat' dir='ltr'>dial</span> <span class='ocrx_word' id='word_1_121' title='bbox 1314 1794 1596 1842; x_wconf 88' lang='lat' dir='ltr'>monasterii</span> <span class='ocrx_word' id='word_1_122' title='bbox 1620 1811 1710 1858; x_wconf 91' lang='lat' dir='ltr'>per</span> <span class='ocrx_word' id='word_1_123' title='bbox 1734 1795 1905 1842; x_wconf 90' lang='lat' dir='ltr'>decem</span> <span class='ocrx_word' id='word_1_124' title='bbox 1929 1802 1978 1842; x_wconf 92' lang='lat' dir='ltr'>et</span> <span class='ocrx_word' id='word_1_125' title='bbox 2005 1784 2186 1856; x_wconf 87' lang='lat' dir='ltr'>septem</span> <span class='ocrx_word' id='word_1_126' title='bbox 2222 1809 2377 1840; x_wconf 88' lang='lat' dir='ltr'>annos</span> 
     </span>
     <span class='ocr_line' id='line_1_16' title="bbox 342 1883 2377 1949; baseline -0 -17"><span class='ocrx_word' id='word_1_127' title='bbox 342 1884 441 1933; x_wconf 87' lang='lat' dir='ltr'>fine</span> <span class='ocrx_word' id='word_1_128' title='bbox 470 1883 704 1948; x_wconf 92' lang='lat' dir='ltr'>temporis</span> <span class='ocrx_word' id='word_1_129' title='bbox 738 1883 1001 1932; x_wconf 90' lang='lat' dir='ltr'>interuallo</span> <span class='ocrx_word' id='word_1_130' title='bbox 1035 1883 1087 1930; x_wconf 90' lang='lat' dir='ltr'>in</span> <span class='ocrx_word' id='word_1_131' title='bbox 1123 1883 1454 1947; x_wconf 80' lang='lat' dir='ltr'>spiritualibus</span> <span class='ocrx_word' id='word_1_132' title='bbox 1491 1892 1539 1934; x_wconf 91' lang='lat' dir='ltr'>et</span> <span class='ocrx_word' id='word_1_133' title='bbox 1573 1885 1924 1949; x_wconf 87' lang='lat' dir='ltr'>temporalibus</span> <span class='ocrx_word' id='word_1_134' title='bbox 1958 1884 2164 1949; x_wconf 88' lang='lat' dir='ltr'>prouide</span> <span class='ocrx_word' id='word_1_135' title='bbox 2201 1892 2249 1932; x_wconf 92' lang='lat' dir='ltr'>et</span> <span class='ocrx_word' id='word_1_136' title='bbox 2285 1885 2377 1932; x_wconf 76' lang='lat' dir='ltr'>cir-</span> 
     </span>
     <span class='ocr_line' id='line_1_17' title="bbox 343 1973 2513 2039; baseline -0 -16"><span class='ocrx_word' id='word_1_137' title='bbox 343 1975 614 2039; x_wconf 62' lang='lat' dir='ltr'>cumspthe</span> <span class='ocrx_word' id='word_1_138' title='bbox 638 1974 684 2022; x_wconf 92' lang='lat' dir='ltr'>se</span> <span class='ocrx_word' id='word_1_139' title='bbox 718 1973 933 2022; x_wconf 84' lang='lat' dir='ltr'>habuiffe</span> <span class='ocrx_word' id='word_1_140' title='bbox 967 1982 1171 2038; x_wconf 90' lang='lat' dir='ltr'>propter</span> <span class='ocrx_word' id='word_1_141' title='bbox 1207 1975 1338 2038; x_wconf 90' lang='lat' dir='ltr'>quod</span> <span class='ocrx_word' id='word_1_142' title='bbox 1372 1974 1519 2038; x_wconf 86' lang='lat' dir='ltr'>ipsius</span> <span class='ocrx_word' id='word_1_143' title='bbox 1555 1976 1742 2023; x_wconf 88' lang='lat' dir='ltr'>abbatis</span> <span class='ocrx_word' id='word_1_144' title='bbox 1778 1975 1966 2023; x_wconf 88' lang='lat' dir='ltr'>meritis</span> <span class='ocrx_word' id='word_1_145' title='bbox 2002 1975 2376 2039; x_wconf 86' lang='lat' dir='ltr'>suffragantibus</span> <span class='ocrx_word' id='word_1_146' title='bbox 2456 1976 2513 2030; x_wconf 44' lang='lat'>&#39;3⁸</span> 
     </span>
     <span class='ocr_line' id='line_1_18' title="bbox 286 2063 2375 2130; baseline -0.001 -15"><span class='ocrx_word' id='word_1_147' title='bbox 286 2085 289 2086; x_wconf 46' lang='lat'><em>⁷</em></span> <span class='ocrx_word' id='word_1_148' title='bbox 342 2085 399 2115; x_wconf 86' lang='lat' dir='ltr'>ac</span> <span class='ocrx_word' id='word_1_149' title='bbox 440 2065 755 2130; x_wconf 78' lang='lat' dir='ltr'>requisitione</span> <span class='ocrx_word' id='word_1_150' title='bbox 799 2063 1185 2113; x_wconf 88' lang='lat' dir='ltr'>excellentifiimi</span> <span class='ocrx_word' id='word_1_151' title='bbox 1225 2065 1461 2130; x_wconf 88' lang='lat' dir='ltr'>principis</span> <span class='ocrx_word' id='word_1_152' title='bbox 1502 2074 1550 2114; x_wconf 90' lang='lat' dir='ltr'>et</span> <span class='ocrx_word' id='word_1_153' title='bbox 1591 2066 1777 2114; x_wconf 90' lang='lat' dir='ltr'>domini</span> <span class='ocrx_word' id='word_1_154' title='bbox 1818 2066 1972 2114; x_wconf 88' lang='lat' dir='ltr'>nostri</span> <span class='ocrx_word' id='word_1_155' title='bbox 2014 2066 2198 2114; x_wconf 90' lang='lat' dir='ltr'>domini</span> <span class='ocrx_word' id='word_1_156' title='bbox 2246 2066 2375 2129; x_wconf 86' lang='lat' dir='ltr'>regis</span> 
     </span>
     <span class='ocr_line' id='line_1_19' title="bbox 346 2155 2377 2223; baseline -0.001 -17"><span class='ocrx_word' id='word_1_157' title='bbox 346 2156 517 2206; x_wconf 90' lang='lat' dir='ltr'>Scocie</span> <span class='ocrx_word' id='word_1_158' title='bbox 531 2155 894 2204; x_wconf 86' lang='lat' dir='ltr'>interueniente</span> <span class='ocrx_word' id='word_1_159' title='bbox 914 2155 1074 2223; x_wconf 85' lang='lat' dir='ltr'>eidem</span> <span class='ocrx_word' id='word_1_160' title='bbox 1093 2155 1292 2202; x_wconf 89' lang='lat' dir='ltr'>domino</span> <span class='ocrx_word' id='word_1_161' title='bbox 1318 2157 1480 2205; x_wconf 85' lang='lat' dir='ltr'>abbati</span> <span class='ocrx_word' id='word_1_162' title='bbox 1506 2165 1605 2206; x_wconf 89' lang='lat' dir='ltr'>tam</span> <span class='ocrx_word' id='word_1_163' title='bbox 1631 2174 1720 2221; x_wconf 91' lang='lat' dir='ltr'>pro</span> <span class='ocrx_word' id='word_1_164' title='bbox 1746 2156 1964 2221; x_wconf 84' lang='lat' dir='ltr'>expensis</span> <span class='ocrx_word' id='word_1_165' title='bbox 1987 2157 2224 2205; x_wconf 88' lang='lat' dir='ltr'>faciendis</span> <span class='ocrx_word' id='word_1_166' title='bbox 2244 2157 2377 2205; x_wconf 88' lang='lat' dir='ltr'>circa</span> 
     </span>
     <span class='ocr_line' id='line_1_20' title="bbox 342 2246 2375 2313; baseline -0.001 -17"><span class='ocrx_word' id='word_1_167' title='bbox 342 2248 602 2313; x_wconf 87' lang='lat' dir='ltr'>negocium</span> <span class='ocrx_word' id='word_1_168' title='bbox 627 2246 878 2295; x_wconf 64' lang='lat' dir='ltr'>elth-ionis</span> <span class='ocrx_word' id='word_1_169' title='bbox 904 2246 984 2294; x_wconf 92' lang='lat' dir='ltr'>sue</span> <span class='ocrx_word' id='word_1_170' title='bbox 1010 2263 1155 2309; x_wconf 90' lang='lat' dir='ltr'>quam</span> <span class='ocrx_word' id='word_1_171' title='bbox 1179 2247 1456 2310; x_wconf 88' lang='lat' dir='ltr'>prouisionc</span> <span class='ocrx_word' id='word_1_172' title='bbox 1481 2249 1565 2296; x_wconf 90' lang='lat' dir='ltr'>sua</span> <span class='ocrx_word' id='word_1_173' title='bbox 1587 2248 1640 2295; x_wconf 93' lang='lat' dir='ltr'>in</span> <span class='ocrx_word' id='word_1_174' title='bbox 1673 2249 1785 2296; x_wconf 86' lang='lat' dir='ltr'>casu</span> <span class='ocrx_word' id='word_1_175' title='bbox 1817 2264 1913 2311; x_wconf 92' lang='lat' dir='ltr'>quo</span> <span class='ocrx_word' id='word_1_176' title='bbox 1945 2247 2091 2296; x_wconf 86' lang='lat' dir='ltr'>fuerit</span> <span class='ocrx_word' id='word_1_177' title='bbox 2124 2254 2375 2311; x_wconf 89' lang='lat' dir='ltr'>promotus</span> 
     </span>
     <span class='ocr_line' id='line_1_21' title="bbox 343 2322 2376 2409; baseline -0.002 -22"><span class='ocrx_word' id='word_1_178' title='bbox 343 2340 407 2387; x_wconf 89' lang='lat' dir='ltr'>ad</span> <span class='ocrx_word' id='word_1_179' title='bbox 429 2339 651 2404; x_wconf 90' lang='lat' dir='ltr'>regimen</span> <span class='ocrx_word' id='word_1_180' title='bbox 676 2339 802 2386; x_wconf 63' lang='lat' dir='ltr'>difite</span> <span class='ocrx_word' id='word_1_181' title='bbox 828 2338 1037 2386; x_wconf 82' lang='lat' dir='ltr'>ecclesie</span> <span class='ocrx_word' id='word_1_182' title='bbox 1056 2338 1340 2409; x_wconf 83' lang='lat' dir='ltr'>Sodorensis</span> <span class='ocrx_word' id='word_1_183' title='bbox 1365 2355 1422 2386; x_wconf 89' lang='lat' dir='ltr'>ac</span> <span class='ocrx_word' id='word_1_184' title='bbox 1441 2339 1596 2386; x_wconf 87' lang='lat' dir='ltr'>eciam</span> <span class='ocrx_word' id='word_1_185' title='bbox 1615 2339 1793 2386; x_wconf 67' lang='lat' dir='ltr'>dictam</span> <span class='ocrx_word' id='word_1_186' title='bbox 1813 2336 2061 2386; x_wconf 86' lang='lat' dir='ltr'>ecclesiam</span> <span class='ocrx_word' id='word_1_187' title='bbox 2081 2337 2228 2385; x_wconf 88' lang='lat' dir='ltr'>fuerit</span> <span class='ocrx_word' id='word_1_188' title='bbox 2246 2322 2376 2401; x_wconf 81' lang='lat' dir='ltr'>paci-</span> 
     </span>
     <span class='ocr_line' id='line_1_22' title="bbox 341 2415 2517 2491; baseline -0.002 -13"><span class='ocrx_word' id='word_1_189' title='bbox 341 2431 433 2479; x_wconf 91' lang='lat' dir='ltr'>fice</span> <span class='ocrx_word' id='word_1_190' title='bbox 458 2429 742 2478; x_wconf 90' lang='lat' dir='ltr'>consecutus</span> <span class='ocrx_word' id='word_1_191' title='bbox 767 2429 1301 2477; x_wconf 75' lang='lat' dir='ltr'>accedente&#39;consensu</span> <span class='ocrx_word' id='word_1_192' title='bbox 1336 2436 1385 2477; x_wconf 92' lang='lat' dir='ltr'>et</span> <span class='ocrx_word' id='word_1_193' title='bbox 1420 2428 1602 2477; x_wconf 83' lang='lat' dir='ltr'>afl&#39;ensu</span> <span class='ocrx_word' id='word_1_194' title='bbox 1638 2428 1787 2477; x_wconf 88' lang='lat' dir='ltr'>totius</span> <span class='ocrx_word' id='word_1_195' title='bbox 1826 2436 2096 2476; x_wconf 83' lang='lat' dir='ltr'>conuentus</span> <span class='ocrx_word' id='word_1_196' title='bbox 2132 2428 2184 2475; x_wconf 91' lang='lat' dir='ltr'>in</span> <span class='ocrx_word' id='word_1_197' title='bbox 2219 2415 2407 2475; x_wconf 82' lang='lat' dir='ltr'>forma¹</span> <span class='ocrx_word' id='word_1_198' title='bbox 2478 2419 2517 2491; x_wconf 57' lang='lat' dir='ltr'>j</span> 
     </span>
    </p>
   </div>
   <div class='ocr_carea' id='block_1_6' title="bbox 2529 181 2554 2636">
    <p class='ocr_par' dir='ltr' id='par_1_6' title="bbox 2529 181 2554 2636">
     <span class='ocr_line' id='line_1_23' title="bbox 2529 181 2554 2636; baseline 0 0"><span class='ocrx_word' id='word_1_199' title='bbox 2529 181 2554 2636; x_wconf 95' lang='lat' dir='ltr'> </span> 
     </span>
    </p>
   </div>
   <div class='ocr_carea' id='block_1_7' title="bbox 340 2518 2554 3220">
    <p class='ocr_par' dir='ltr' id='par_1_7' title="bbox 340 2498 2554 2855">
     <span class='ocr_line' id='line_1_24' title="bbox 343 2518 2554 2591; baseline -0.002 -21"><span class='ocrx_word' id='word_1_200' title='bbox 343 2539 437 2585; x_wconf 90' lang='lat' dir='ltr'>que</span> <span class='ocrx_word' id='word_1_201' title='bbox 478 2520 694 2584; x_wconf 89' lang='lat' dir='ltr'>sequitur</span> <span class='ocrx_word' id='word_1_202' title='bbox 735 2520 960 2567; x_wconf 84' lang='lat' dir='ltr'>duximus</span> <span class='ocrx_word' id='word_1_203' title='bbox 1000 2520 1360 2583; x_wconf 89' lang='lat' dir='ltr'>prouidendum</span> <span class='ocrx_word' id='word_1_204' title='bbox 1402 2519 1633 2567; x_wconf 89' lang='lat' dir='ltr'>videlicet</span> <span class='ocrx_word' id='word_1_205' title='bbox 1680 2520 1812 2583; x_wconf 90' lang='lat' dir='ltr'>quod</span> <span class='ocrx_word' id='word_1_206' title='bbox 1856 2519 2104 2582; x_wconf 68' lang='lat' dir='ltr'>predi&amp;us</span> <span class='ocrx_word' id='word_1_207' title='bbox 2151 2518 2376 2566; x_wconf 88' lang='lat' dir='ltr'>dominus</span> <span class='ocrx_word' id='word_1_208' title='bbox 2481 2528 2516 2563; x_wconf 57' lang='lat' dir='ltr'>a</span> <span class='ocrx_word' id='word_1_209' title='bbox 2550 2574 2554 2591; x_wconf 37' lang='lat'>³</span> 
     </span>
     <span class='ocr_line' id='line_1_25' title="bbox 343 2587 2554 2674; baseline -0.004 -14"><span class='ocrx_word' id='word_1_210' title='bbox 343 2613 490 2660; x_wconf 86' lang='lat' dir='ltr'>abbas</span> <span class='ocrx_word' id='word_1_211' title='bbox 514 2611 567 2658; x_wconf 94' lang='lat' dir='ltr'>in</span> <span class='ocrx_word' id='word_1_212' title='bbox 591 2610 1102 2674; x_wconf 83' lang='lat' dir='ltr'>recompensacionem</span> <span class='ocrx_word' id='word_1_213' title='bbox 1119 2610 1297 2658; x_wconf 88' lang='lat' dir='ltr'>diutini</span> <span class='ocrx_word' id='word_1_214' title='bbox 1320 2609 1500 2658; x_wconf 89' lang='lat' dir='ltr'>laboris</span> <span class='ocrx_word' id='word_1_215' title='bbox 1525 2609 1593 2656; x_wconf 91' lang='lat' dir='ltr'>sui</span> <span class='ocrx_word' id='word_1_216' title='bbox 1620 2618 1668 2658; x_wconf 91' lang='lat' dir='ltr'>et</span> <span class='ocrx_word' id='word_1_217' title='bbox 1693 2609 2014 2673; x_wconf 87' lang='lat' dir='ltr'>expensarum</span> <span class='ocrx_word' id='word_1_218' title='bbox 2037 2609 2229 2657; x_wconf 90' lang='lat' dir='ltr'>suarum</span> <span class='ocrx_word' id='word_1_219' title='bbox 2257 2626 2375 2672; x_wconf 88' lang='lat' dir='ltr'>quas</span> <span class='ocrx_word' id='word_1_220' title='bbox 2445 2621 2448 2623; x_wconf 71' lang='grc'><strong>’</strong></span> <span class='ocrx_word' id='word_1_221' title='bbox 2475 2587 2519 2652; x_wconf 53' lang='lat'>{³1³³</span> <span class='ocrx_word' id='word_1_222' title='bbox 2536 2593 2554 2666; x_wconf 46' lang='grc' dir='ltr'>ᾖ</span> 
     </span>
     <span class='ocr_line' id='line_1_26' title="bbox 340 2673 2554 2764; baseline -0.002 -15"><span class='ocrx_word' id='word_1_223' title='bbox 340 2703 393 2750; x_wconf 92' lang='lat' dir='ltr'>in</span> <span class='ocrx_word' id='word_1_224' title='bbox 417 2702 697 2749; x_wconf 89' lang='lat' dir='ltr'>releuamen</span> <span class='ocrx_word' id='word_1_225' title='bbox 722 2707 771 2749; x_wconf 92' lang='lat' dir='ltr'>et</span> <span class='ocrx_word' id='word_1_226' title='bbox 794 2700 1165 2764; x_wconf 88' lang='lat' dir='ltr'>reparacionem</span> <span class='ocrx_word' id='word_1_227' title='bbox 1189 2700 1304 2748; x_wconf 64' lang='lat' dir='ltr'>dieti</span> <span class='ocrx_word' id='word_1_228' title='bbox 1327 2700 1606 2748; x_wconf 87' lang='lat' dir='ltr'>monasterii</span> <span class='ocrx_word' id='word_1_229' title='bbox 1634 2700 1855 2764; x_wconf 88' lang='lat' dir='ltr'>apposuit</span> <span class='ocrx_word' id='word_1_230' title='bbox 1879 2701 1939 2747; x_wconf 93' lang='lat' dir='ltr'>de</span> <span class='ocrx_word' id='word_1_231' title='bbox 1970 2699 2114 2747; x_wconf 90' lang='lat' dir='ltr'>bonis</span> <span class='ocrx_word' id='word_1_232' title='bbox 2149 2699 2375 2763; x_wconf 89' lang='lat' dir='ltr'>proueni—</span> <span class='ocrx_word' id='word_1_233' title='bbox 2477 2673 2490 2693; x_wconf 37' lang='grc' dir='ltr'>ἦ</span> <span class='ocrx_word' id='word_1_234' title='bbox 2536 2677 2554 2692; x_wconf 34' lang='lat'>⁸*</span> 
     </span>
     <span class='ocr_line' id='line_1_27' title="bbox 342 2789 2375 2855; baseline -0.001 -15"><span class='ocrx_word' id='word_1_235' title='bbox 342 2791 535 2840; x_wconf 86' lang='lat' dir='ltr'>entibus</span> <span class='ocrx_word' id='word_1_236' title='bbox 559 2808 619 2839; x_wconf 87' lang='lat' dir='ltr'>ex</span> <span class='ocrx_word' id='word_1_237' title='bbox 644 2790 800 2838; x_wconf 91' lang='lat' dir='ltr'>officio</span> <span class='ocrx_word' id='word_1_238' title='bbox 827 2790 1120 2839; x_wconf 87' lang='lat' dir='ltr'>cancellarie</span> <span class='ocrx_word' id='word_1_239' title='bbox 1144 2790 1279 2855; x_wconf 87' lang='lat' dir='ltr'>regie</span> <span class='ocrx_word' id='word_1_240' title='bbox 1304 2797 1352 2839; x_wconf 89' lang='lat' dir='ltr'>et</span> <span class='ocrx_word' id='word_1_241' title='bbox 1378 2791 1574 2839; x_wconf 88' lang='lat' dir='ltr'>aliunde</span> <span class='ocrx_word' id='word_1_242' title='bbox 1598 2791 1796 2838; x_wconf 91' lang='lat' dir='ltr'>nomine</span> <span class='ocrx_word' id='word_1_243' title='bbox 1821 2789 2109 2855; x_wconf 87' lang='lat' dir='ltr'>prouisionis</span> <span class='ocrx_word' id='word_1_244' title='bbox 2133 2790 2311 2839; x_wconf 88' lang='lat' dir='ltr'>habeat</span> <span class='ocrx_word' id='word_1_245' title='bbox 2327 2797 2375 2838; x_wconf 85' lang='lat' dir='ltr'>et</span> 
     </span>
    </p>

    <p class='ocr_par' dir='ltr' id='par_1_8' title="bbox 342 2877 2554 3220">
     <span class='ocr_line' id='line_1_28' title="bbox 342 2877 2554 2947; baseline -0.001 -16"><span class='ocrx_word' id='word_1_246' title='bbox 342 2890 508 2931; x_wconf 88' lang='lat' dir='ltr'>teneat</span> <span class='ocrx_word' id='word_1_247' title='bbox 532 2899 700 2930; x_wconf 90' lang='lat' dir='ltr'>omnes</span> <span class='ocrx_word' id='word_1_248' title='bbox 724 2882 910 2929; x_wconf 54' lang='lat' dir='ltr'>frustus</span> <span class='ocrx_word' id='word_1_249' title='bbox 933 2877 1159 2946; x_wconf 86' lang='lat' dir='ltr'>garbales</span> <span class='ocrx_word' id='word_1_250' title='bbox 1183 2881 1383 2930; x_wconf 77' lang='lat' dir='ltr'>ecclesie</span> <span class='ocrx_word' id='word_1_251' title='bbox 1409 2883 1469 2930; x_wconf 93' lang='lat' dir='ltr'>de</span> <span class='ocrx_word' id='word_1_252' title='bbox 1495 2882 1787 2947; x_wconf 87' lang='lat' dir='ltr'>Abernethy</span> <span class='ocrx_word' id='word_1_253' title='bbox 1809 2899 1920 2930; x_wconf 89' lang='lat' dir='ltr'>cum</span> <span class='ocrx_word' id='word_1_254' title='bbox 1939 2882 2128 2946; x_wconf 88' lang='lat' dir='ltr'>capella</span> <span class='ocrx_word' id='word_1_255' title='bbox 2146 2882 2206 2930; x_wconf 91' lang='lat' dir='ltr'>de</span> <span class='ocrx_word' id='word_1_256' title='bbox 2231 2881 2373 2929; x_wconf 88' lang='lat' dir='ltr'>Dron</span> <span class='ocrx_word' id='word_1_257' title='bbox 2552 2944 2554 2946; x_wconf 10' lang='lat' dir='ltr'>q</span> 
     </span>
     <span class='ocr_line' id='line_1_29' title="bbox 343 2955 2554 3078; baseline -0.002 -56"><span class='ocrx_word' id='word_1_258' title='bbox 343 2973 708 3022; x_wconf 90' lang='lat' dir='ltr'>Dunblanenfis</span> <span class='ocrx_word' id='word_1_259' title='bbox 732 2973 951 3038; x_wconf 75' lang='lat' dir='ltr'>dyocesis</span> <span class='ocrx_word' id='word_1_260' title='bbox 976 2991 1005 3021; x_wconf 88' lang='lat' dir='ltr'>a</span> <span class='ocrx_word' id='word_1_261' title='bbox 1027 2973 1149 3021; x_wconf 87' lang='lat' dir='ltr'>festo</span> <span class='ocrx_word' id='word_1_262' title='bbox 1183 2973 1359 3037; x_wconf 82' lang='lat' dir='ltr'>pasche</span> <span class='ocrx_word' id='word_1_263' title='bbox 1396 2973 1513 3022; x_wconf 87' lang='lat' dir='ltr'>anni</span> <span class='ocrx_word' id='word_1_264' title='bbox 1547 2973 1750 3021; x_wconf 90' lang='lat' dir='ltr'>Domini</span> <span class='ocrx_word' id='word_1_265' title='bbox 1786 2971 2375 3020; x_wconf 85' lang='lat' dir='ltr'>millefimitrecentesimi</span> <span class='ocrx_word' id='word_1_266' title='bbox 2529 2955 2554 3078; x_wconf 65' lang='lat' dir='ltr'>i</span> 
     </span>
     <span class='ocr_line' id='line_1_30' title="bbox 344 3046 2554 3128; baseline -0.002 -15"><span class='ocrx_word' id='word_1_267' title='bbox 344 3065 557 3114; x_wconf 86' lang='lat' dir='ltr'>vicesimi</span> <span class='ocrx_word' id='word_1_268' title='bbox 582 3065 741 3113; x_wconf 54' lang='lat' dir='ltr'>odaui</span> <span class='ocrx_word' id='word_1_269' title='bbox 774 3066 924 3128; x_wconf 85' lang='lat' dir='ltr'>usque</span> <span class='ocrx_word' id='word_1_270' title='bbox 960 3066 1025 3113; x_wconf 93' lang='lat' dir='ltr'>ad</span> <span class='ocrx_word' id='word_1_271' title='bbox 1058 3065 1322 3115; x_wconf 89' lang='lat' dir='ltr'>terminum</span> <span class='ocrx_word' id='word_1_272' title='bbox 1357 3064 1538 3128; x_wconf 87' lang='lat' dir='ltr'>septem</span> <span class='ocrx_word' id='word_1_273' title='bbox 1573 3081 1814 3112; x_wconf 91' lang='lat' dir='ltr'>annorum</span> <span class='ocrx_word' id='word_1_274' title='bbox 1843 3063 2064 3128; x_wconf 88' lang='lat' dir='ltr'>plenarie</span> <span class='ocrx_word' id='word_1_275' title='bbox 2100 3071 2149 3112; x_wconf 92' lang='lat' dir='ltr'>et</span> <span class='ocrx_word' id='word_1_276' title='bbox 2183 3063 2374 3127; x_wconf 88' lang='lat' dir='ltr'>integre</span> <span class='ocrx_word' id='word_1_277' title='bbox 2501 3051 2505 3058; x_wconf 23' lang='grc' dir='ltr'><em>Α</em></span> <span class='ocrx_word' id='word_1_278' title='bbox 2548 3046 2554 3055; x_wconf 38' lang='lat'>&#39;⁵</span> 
     </span>
     <span class='ocr_line' id='line_1_31' title="bbox 344 3153 2375 3220; baseline -0.002 -16"><span class='ocrx_word' id='word_1_279' title='bbox 344 3156 745 3220; x_wconf 90' lang='lat' dir='ltr'>complendorum</span> <span class='ocrx_word' id='word_1_280' title='bbox 765 3187 775 3196; x_wconf 89' lang='lat'><strong>·</strong></span> <span class='ocrx_word' id='word_1_281' title='bbox 795 3154 980 3204; x_wconf 89' lang='lat' dir='ltr'>remisit</span> <span class='ocrx_word' id='word_1_282' title='bbox 999 3156 1154 3205; x_wconf 89' lang='lat' dir='ltr'>eciam</span> <span class='ocrx_word' id='word_1_283' title='bbox 1174 3156 1330 3204; x_wconf 64' lang='lat' dir='ltr'>difflzus</span> <span class='ocrx_word' id='word_1_284' title='bbox 1349 3155 1574 3203; x_wconf 92' lang='lat' dir='ltr'>dominus</span> <span class='ocrx_word' id='word_1_285' title='bbox 1594 3156 1741 3204; x_wconf 84' lang='lat' dir='ltr'>abbas</span> <span class='ocrx_word' id='word_1_286' title='bbox 1761 3171 1954 3203; x_wconf 89' lang='lat' dir='ltr'>omnem</span> <span class='ocrx_word' id='word_1_287' title='bbox 1975 3153 2213 3202; x_wconf 55' lang='lat' dir='ltr'>astionem</span> <span class='ocrx_word' id='word_1_288' title='bbox 2231 3168 2375 3216; x_wconf 90' lang='lat' dir='ltr'>quam</span> 
     </span>
    </p>
   </div>
  </div>
 </body>
</html>
