2554 3900
361 429 457 478 294
808 419 1229 472 REGISTRUM
1262 419 1359 468 DE
1395 418 1947 469 ABERBROTHOC.

362 565 544 605 terram
571 555 894 619 spectantibus
918 554 998 603 vel
1022 554 1082 601 de
1117 553 1225 601 iure
1260 552 1777 616 spectarevalentibus
1812 558 2018 615 excepta
2051 558 2185 599 terra
2217 552 2302 598 sua
2335 552 2395 599 de

365 646 563 711 Crachy
588 662 698 694 cum
722 645 817 692 suis
839 643 1158 708 pertinenciis
1180 660 1270 707 per
1292 645 1448 692 rectas
1471 650 1624 691 metas
1654 651 1703 692 et
1735 642 1910 690 diuisas
1934 643 2042 689 suas
2068 672 2078 682 ·
2105 641 2394 690 Tenendam

362 737 449 786 fibi
473 745 574 786 toto
610 745 829 800 tempore
858 735 956 783 vite
992 736 1074 782 sue
1108 734 1253 782 saluis
1276 733 1529 782 Willelmo
1565 734 1746 782 clerico
1779 734 1882 782 filio
1920 733 2126 781 Roberti
2163 732 2313 798 Yung
2348 741 2395 781 et

363 828 623 893 Nycholao
655 827 807 874 fratre
832 826 915 873 suo
940 824 1357 874 conuencionibus
1381 824 1476 872 suis
1502 825 1646 888 vsque
1682 826 1744 873 ad
1781 825 1964 873 exitum
1996 824 2194 873 termini
2224 824 2297 871 sui
2325 825 2396 873 ita

363 920 494 983 quod
532 919 687 966 dictus
723 917 894 965 Dauid
927 916 1128 964 habebit
1165 915 1369 963 terciam
1405 922 1596 979 partem
1633 915 1758 963 diae
1795 923 1926 964 terre
1963 917 2112 979 vsque
2149 915 2214 963 ad
2249 915 2395 963 finem
2488 944 2491 946 -

363 1009 560 1058 termini
601 1008 715 1055 dicti
758 1006 996 1055 Willelmi
1036 1013 1085 1053 et
1126 1004 1375 1069 Nycholai
1414 1033 1425 1044 ·
1461 1006 1688 1054 faciendo
1730 1013 1779 1055 et
1816 1007 2071 1054 reddendo
2111 1024 2202 1070 pro
2244 1007 2397 1055 tercia

362 1109 501 1164 parte
542 1099 663 1147 ficut
704 1098 836 1160 dicti
860 1097 1139 1146 Willelmus
1182 1104 1231 1144 et
1272 1096 1560 1161 Nycholaus
1606 1097 1770 1144 facere
1817 1103 1866 1144 et
1911 1097 2119 1144 reddere
2167 1104 2397 1145 tenentur

364 1209 453 1255 pro
477 1192 664 1239 duabus
679 1177 909 1253 ⁴partibus
935 1188 1190 1236 annuatim
1213 1205 1243 1236 a
1267 1194 1486 1251 tempore
1510 1187 1747 1251 presentis
1772 1187 2120 1235 conuencionis
2155 1213 2166 1224 ·
2202 1187 2268 1236 Et
2290 1186 2397 1251 post

364 1282 626 1331 terminum
649 1281 888 1328 dictorum
912 1279 1152 1328 Willelmi
1176 1287 1225 1328 et
1250 1276 1483 1326 Nicholai
1505 1277 1662 1325 dictus
1686 1276 1856 1325 Dauid
1888 1277 2080 1341 integre
2115 1276 2315 1326 habebit
2349 1285 2396 1326 et

365 1373 549 1421 tenebit
572 1372 750 1419 dic-tam
774 1379 956 1419 terram
977 1379 1028 1419 vt
1052 1370 1233 1418 dictum
1256 1369 1326 1417 est
1350 1375 1452 1416 toto
1477 1375 1698 1431 tempore
1722 1367 1821 1416 vite
1845 1368 1928 1415 sue
1950 1368 2156 1416 liberam
2180 1368 2241 1415 de
2275 1368 2395 1415 mul·

365 1473 476 1513 tura
500 1491 511 1503 ·
537 1463 693 1511 dictus
729 1461 899 1510 Dauid
933 1478 1050 1509 vero
1080 1459 1216 1508 dabit
1246 1475 1336 1522 pro
1369 1458 1499 1507 dicta
1529 1465 1662 1506 terra
1693 1457 1894 1522 lingulis
1917 1458 2060 1506 annis
2082 1457 2192 1521 post
2215 1457 2396 1506 exitum

364 1554 561 1604 termini
595 1554 833 1602 dictorum
871 1551 1108 1600 Willelmi
1143 1559 1192 1599 et
1228 1549 1460 1597 Nicholai
1496 1549 1729 1613 quamdiu
1768 1549 1947 1598 vixerit
1981 1550 2044 1598 ad
2077 1548 2198 1597 festa
2236 1548 2398 1598 Sancti

365 1646 625 1695 Michaelis
651 1652 699 1693 et
738 1643 903 1693 Sancti
934 1642 1138 1691 Andree
1174 1639 1429 1704 sequentia
1462 1639 1594 1704 apud
1628 1638 1975 1687 Aberbrothoc
2010 1638 2268 1687 duodecim
2303 1639 2396 1687 cel-

366 1740 478 1787 dras
519 1737 755 1801 pacabilis
789 1735 947 1784 farine
995 1749 1263 1781 auenarum
1310 1739 1360 1779 et
1405 1730 1666 1779 duodecim
1711 1730 1902 1778 celdras
1947 1730 2119 1778 mundi
2165 1729 2302 1778 ordei
2349 1737 2397 1778 et
2487 1723 2516 1770 ῗῘ

366 1830 501 1878 dabit
525 1828 854 1876 omnimodam
877 1826 1117 1875 decimam
1143 1825 1206 1872 ad
1227 1822 1482 1871 matricem
1507 1820 1759 1870 ecclesiam
1782 1823 2079 1886 spectantem
2097 1847 2107 1858 ·
2125 1828 2173 1869 et
2197 1821 2397 1885 prestito

366 1921 666 1968 sacramento
701 1918 950 1966 fidelitatis
982 1916 1228 1980 obligatur
1263 1915 1327 1962 ad
1358 1913 1567 1977 speciale
1593 1911 1844 1960 confilium
1869 1912 2107 1960 dictorum
2132 1912 2321 1960 abbatis
2350 1920 2397 1961 et
2474 1890 2521 1977 {³2⁷2

367 2019 638 2060 conuentus
664 2040 674 2050 ·
700 2018 748 2058 et
781 2009 930 2057 habet
963 2007 1223 2056 licenciam
1248 2003 1561 2054 construendi
1583 2003 1919 2051 molendinum
1943 2001 2027 2051 fibi
2051 2003 2183 2051 infra
2209 2003 2397 2067 predic·

366 2111 465 2150 tam
489 2111 671 2151 terram
704 2101 913 2149 liberum
949 2107 997 2147 et
1033 2099 1066 2146 fi
1102 2098 1315 2146 uoluerit
1348 2095 1533 2143 molere
1569 2097 1633 2143 ad
1666 2094 2003 2143 molendinum
2039 2094 2226 2143 abbatis
2261 2102 2398 2143 extra

366 2194 514 2241 molet
537 2193 690 2241 libere
714 2209 805 2256 pro
831 2208 928 2239 vno
952 2190 1098 2239 ferlot
1122 2190 1183 2237 de
1219 2189 1386 2237 celdra
1419 2194 1576 2235 totum
1610 2186 1810 2234 bladum
1846 2186 1978 2248 quod
2014 2186 2225 2234 creuerit
2258 2187 2398 2249 super
2472 2192 2493 2234 j

367 2285 543 2332 dictam
568 2290 750 2331 terram
777 2283 837 2330 de
873 2280 1213 2344 Dunnechtyn
1237 2306 1247 2315 ·
1271 2278 1507 2327 Preterea
1531 2277 1686 2325 dictus
1709 2276 1879 2324 Dauid
1902 2276 2101 2325 habebit
2126 2276 2310 2324 curiam
2339 2277 2398 2324 de

366 2375 643 2423 hominibus
666 2374 762 2421 suis
786 2373 916 2421 infra
939 2372 1120 2420 didzam
1143 2379 1326 2420 terram
1349 2368 1672 2418 residentibus
1697 2368 1759 2415 de
1782 2368 2026 2416 iniuriofis
2055 2368 2238 2416 actibus
2270 2368 2398 2416 inter

367 2466 590 2530 ipsosmet
613 2465 951 2514 tantummodo
975 2462 1371 2526 contingentibus
1395 2467 1444 2509 et
1468 2459 1851 2508 amerciamenta
1875 2460 1935 2508 de
1964 2459 2142 2507 talibus
2177 2459 2397 2507 acciden-
2473 2443 2494 2518 ¹33

367 2557 444 2605 cia
468 2585 477 2594 ·
503 2556 586 2604 sed
611 2555 645 2602 fi
668 2555 892 2603 homines
923 2554 994 2601 sui
1017 2552 1301 2601 inuenerint
1323 2550 1542 2615 plegium
1565 2550 1617 2598 in
1641 2567 1789 2598 manu
1823 2551 1949 2599 mari
1983 2551 2172 2599 abbatis
2206 2551 2398 2599 stabunt
2471 2532 2477 2600 s

366 2648 430 2695 ad
452 2649 636 2695 reaum
661 2646 713 2693 in
748 2646 886 2693 curia
920 2644 1109 2692 abbatis
1144 2651 1192 2691 et
1225 2643 1410 2691 ibidem
1444 2642 1631 2690 dabunt
1666 2642 2099 2690 amerciamentum
2135 2670 2146 2681 ·
2184 2640 2398 2689 similiter

365 2739 449 2786 fiet
473 2739 533 2786 de
559 2737 689 2786 dieto
713 2736 883 2784 Dauid
907 2742 956 2783 et
979 2734 1258 2782 hominibus
1282 2733 1377 2781 suis
1401 2733 1635 2796 quociens
1660 2733 1914 2781 attachiati
1937 2733 2122 2781 fuerint
2147 2733 2209 2780 ad
2226 2733 2395 2781 sectam

368 2829 565 2892 querele
601 2827 788 2876 abbatis
826 2826 904 2874 vel
938 2825 1146 2874 aliorum
1180 2823 1434 2872 hominum
1467 2824 1665 2872 suorum
1700 2850 1710 2861 ·
1745 2823 1872 2872 Item
1907 2824 2063 2872 dictus
2097 2823 2268 2872 Dauid
2299 2839 2397 2870 non
2474 2817 2485 2882 J

368 2919 612 2967 tenebitur
635 2919 799 2966 facere
824 2917 1000 2966 sectam
1024 2917 1088 2964 ad
1112 2915 1298 2964 curiam
1321 2915 1508 2963 abbatis
1531 2916 1623 2962 nifi
1647 2916 1711 2963 ad
1734 2916 1827 2963 tria
1853 2916 2085 2979 capitalia
2106 2916 2290 2979 placita
2311 2926 2398 2979 per
2489 2976 2491 2978 q

369 3027 551 3057 annum
586 3038 596 3047 ·
638 3008 734 3058 Sed
760 3026 870 3057 cum
894 3007 1121 3055 dominus
1146 3007 1294 3055 abbas
1317 3007 1397 3054 vel
1429 3007 1601 3055 balliui
1636 3007 1740 3054 eius
1776 3008 2013 3055 tenebunt
2047 3007 2233 3055 curiam
2266 3006 2396 3053 suam

370 3102 431 3149 de
456 3099 816 3148 indit‘Jtamentis
842 3106 890 3147 et
913 3098 1121 3162 loquelis
1145 3097 1472 3162 spectantibus
1496 3098 1559 3145 ad
1583 3114 1815 3146 coronam
1841 3097 1919 3145 vel
1943 3097 2049 3145 aliis
2084 3097 2250 3146 arduis
2285 3094 2395 3143 cafi-

370 3193 459 3239 bus
495 3190 578 3254 qui
613 3207 790 3254 magno
821 3189 1046 3254 indigent
1081 3188 1264 3236 auxilio
1299 3187 1454 3236 dietus
1489 3187 1659 3236 Dauid
1693 3196 1742 3237 et
1776 3188 1998 3237 homines
2032 3187 2103 3236 sui
2137 3185 2395 3236 rationabi-
2472 3176 2473 3179 Ἴ
2538 3197 2541 3223 ³
