2612 3926
372 414 483 462 xxiv
1233 408 1542 459 TABULA.

386 561 514 604 VIII.
546 559 822 604 Confirmatio
866 572 941 616 per
979 557 1243 601 Willelmum
1282 556 1496 599 Abbatem
1542 562 1654 598 carte
1700 554 1916 612 Radulphi
1957 553 2117 600 abbatis
2159 557 2267 600 facte

603 632 796 676 IValtero
816 632 901 674 filio
921 631 1099 688 Turpini
1119 641 1244 688 super
1262 637 1374 672 terra
1393 629 1445 676 de
1471 629 1646 685 Kenny.
1707 631 1833 673 1351.
1899 630 2011 688 Oriy.
2031 633 2075 673 in
2095 633 2268 675 archivis

609 709 775 751 Comitis
795 708 844 750 de
863 706 1013 760 Acme,
1075 738 1084 748 .
1261 738 1271 747 .
1447 738 1457 747 .
1635 734 1646 745 .
1824 735 1833 744 .
2013 737 2023 746 .
2200 738 2210 748 .
2251 705 2302 748 P.
2325 707 2410 749 334

427 781 518 825 IX.
549 781 678 826 Carta
704 781 822 823 Petri
842 779 942 823 dicti
972 780 1072 822 Ru.
1149 779 1299 822 ,facta
1325 777 1517 822 waltero
1546 777 1598 818 de
1628 775 1764 833 Rossy
1784 791 1909 832 super
1937 792 2010 820 sex
2038 779 2188 821 marcis
2218 780 2269 822 de

604 854 842 897 molendino
874 853 926 896 de
954 851 1392 910 Rossy.[c.1260.]
1458 850 1569 907 Oriy.
1594 864 1721 906 penes
1755 849 1815 892 I).
1844 851 2098 894 Maedonald
2127 854 2176 896 de
2207 853 2269 896 St.

604 928 783 970 Martius
804 935 842 971 et
858 927 1014 981 Ros-sie,
1076 959 1085 968 .

452 1002 516 1044 X.
547 1002 676 1045 Carta
701 1000 899 1058 Hugonis
925 999 1145 1042 Malherbe
1164 999 1262 1042 data
1281 997 1444 1041 Thome
1463 997 1515 1039 de
1541 996 1664 1039 Rossi
1693 1012 1818 1054 super
1846 998 1966 1040 terris
1985 998 2037 1041 de
2067 998 2189 1042 Rossi
2218 1000 2270 1042 de

605 1073 832 1127 Milnetun‚
854 1073 906 1116 de
927 1072 1212 1130 Hulhysham,
1233 1079 1276 1115 et
1295 1071 1347 1114 de
1366 1070 1578 1114 Balstuth.
1640 1069 1866 1130 [c.1245.]
1925 1073 2095 1129 Ibidem,
2201 1107 2211 1118 .

432 1148 520 1190 XI.
551 1147 680 1191 Carta
700 1146 875 1190 Roberti
894 1146 1025 1204 Regis
1043 1146 1154 1189 facta
1171 1146 1358 1189 Henrico
1379 1145 1430 1188 de
1450 1144 1600 1202 Rossy,
1613 1144 1666 1187 de
1685 1152 1795 1188 terra
1810 1145 1862 1188 de
1876 1144 2081 1203 Inyoney.
2144 1149 2269 1191 1328.

605 1220 772 1274 Ibidem,
858 1252 869 1263 .
1260 1250 1271 1261 .
2199 1254 2208 1263 .

406 1295 518 1338 XII.
549 1294 678 1338 Carta
707 1293 888 1336 Walteri
917 1294 968 1336 de
1001 1293 1185 1338 Shakloc
1215 1308 1340 1351 super
1367 1292 1491 1335 tertia
1519 1298 1638 1350 parte
1667 1291 1719 1335 de
1748 1292 1926 1351 Inieney
1955 1293 2052 1337 data
2082 1294 2270 1338 Henrico

605 1367 656 1409 de
676 1366 823 1424 Rossy.
885 1365 940 1424 [c.
965 1366 1112 1424 1328.]
1172 1367 1342 1422 Ibidem,
1453 1399 1463 1408 .
1639 1398 1649 1409 .
2067 1397 2074 1402 -

383 1442 516 1484 XIII.
549 1440 821 1484 Confirmatio
841 1440 1016 1484 Roberti
1036 1440 1166 1498 Regis
1186 1455 1312 1499 super
1329 1440 1475 1484 eadem
1495 1447 1623 1484 carta.
1684 1441 1810 1486 1328.
1870 1441 2039 1496 Ibidem,

2328 929 2414 971 336

2330 1077 2413 1119 337

2328 1225 2413 1267 338

2201 1373 2414 1418 .‚339

2332 1446 2416 1487 340
