2554 3900
653 408 1077 460 REGISTRUM
1110 408 1206 458 DE
1242 408 1793 461 ABERBROTHOC.
2136 419 2232 463 313

198 611 549 696 Abyrkerdor
587 630 755 694 vicarij
798 630 1039 694 obligacio
1078 630 1210 694 quod
1240 629 1518 692 pensionem
1555 633 1661 679 octo
1707 647 1982 679 marcarum
2023 631 2225 681 solveret

195 721 490 770 monasterio
521 719 687 770 Sancti
714 720 906 769 Thome
932 720 993 768 de
1018 718 1353 768 Abirbr‘othoc
1378 746 1387 757 ·

19 887 157 961 [355]
197 880 404 953 Notum
431 901 486 950 sit
511 902 733 951 omnibus
756 901 955 966 presens
979 900 1211 963 scriptum
1238 899 1408 947 visuris
1435 900 1510 948 vel
1546 902 1786 950 audituris
1822 903 1953 966 quod
1990 919 2097 951 cum
2134 920 2224 967 ego

10 988 72 1084 ἶ
198 992 486 1057 Radulphus
525 1001 790 1058 perpetuus
832 991 1045 1040 vicarius
1083 992 1144 1039 de
1184 990 1500 1055 Abirkyrdor
1535 1021 1545 1031 ·
1583 993 1764 1041 virtute
1797 993 1930 1042 bulle
1966 994 2225 1058 apostolice

12 1092 14 1097 '
199 1090 371 1133 contra
393 1101 470 1132 me
497 1092 544 1133 et
565 1085 788 1132 dominos
813 1100 946 1131 meos
971 1082 1217 1131 Abbatem
1244 1088 1292 1129 et
1324 1083 1619 1130 conuentum
1645 1084 1705 1131 de
1730 1084 2092 1133 Abirbrothoc
2079 1102 2227 1148 impe-

198 1182 325 1224 trate
350 1204 360 1214 ·
385 1192 475 1240 per
499 1175 750 1223 dominum
778 1174 1024 1223 Abbatem
1049 1174 1110 1221 de
1136 1172 1313 1221 Kinlos
1338 1173 1535 1221 unicum
1556 1174 1769 1237 judicem
1807 1175 1857 1222 in
1893 1176 2060 1223 eadem
2094 1175 2228 1224 bulla

198 1266 476 1332 delegatum
501 1294 512 1304 ·
537 1267 598 1314 ad
623 1273 784 1315 certos
820 1265 949 1313 diem
987 1271 1035 1312 et
1069 1264 1231 1312 locum
1267 1280 1429 1312 coram
1468 1265 1617 1313 certis
1653 1265 1981 1314 commissariis
2016 1266 2225 1314 eiusdem

199 1357 411 1422 delegati
447 1336 717 1423 legittime?
730 1357 908 1405 citatus
943 1354 1196 1403 humiliter
1231 1362 1280 1403 et
1315 1354 1600 1404 obedienter
1636 1356 1999 1420 comparuissem
2024 1383 2034 1393 ·
2058 1357 2121 1405 ad
2155 1374 2227 1405 re-

197 1449 532 1513 spondendum
556 1448 608 1496 in
631 1448 719 1496 lite
744 1464 889 1512 quam
915 1446 1031 1494 diai
1056 1444 1360 1493 domini-mei
1380 1445 1550 1494 Abbas
1569 1453 1618 1494 et
1637 1454 1906 1495 conuentus
1929 1454 2046 1495 tunc
2064 1464 2225 1495 moue-

196 1539 316 1587 bant
340 1538 481 1603 super
505 1538 797 1587 detencione
823 1544 1020 1586 centum
1044 1535 1306 1583 solidorum
1331 1553 1605 1585 annuorum
1632 1536 1716 1585 sibi
1739 1554 1827 1601 per
1851 1554 1928 1585 me
1953 1537 2224 1586 debitorum

199 1616 341 1677 annis*
362 1628 584 1693 pluribus
610 1627 861 1677 retroactis
885 1627 1084 1676 racione
1109 1632 1240 1674 terre
1265 1625 1464 1674 ecclesie
1489 1626 1568 1675 sue
1605 1627 1665 1674 de
1691 1626 2005 1692 Abirkyrdor
2029 1654 2039 1664 ·
2065 1644 2226 1675 coram

201 1716 531 1765 commissariis
556 1717 673 1765 dieti
697 1716 884 1765 domini
902 1716 1084 1780 judicis
1109 1716 1322 1780 delegati
1345 1717 1590 1781 deputatis
1607 1744 1617 1756 ·
1636 1718 1687 1765 in
1706 1718 1893 1781 judicio
1913 1718 2225 1766 constitutus·

166 1809 172 1818 ”
199 1808 331 1873 apud
354 1808 581 1856 Abirden
607 1807 658 1855 in
683 1806 887 1856 ecclesia
905 1806 1070 1856 Sancti
1089 1806 1337 1872 Nycholai
1354 1806 1651 1870 parrochiali
1670 1806 1872 1855 ecclesia
1890 1808 1950 1855 de
1969 1807 2191 1856 Abirden
2218 1836 2227 1844 ·

200 1899 329 1951 bona
342 1899 438 1946 fide
457 1899 726 1963 recognoui
746 1915 823 1946 me
843 1899 906 1946 ad
922 1898 1216 1946 solucionem
1233 1897 1470 1945 di&orum
1489 1905 1683 1946 centum
1701 1897 1961 1944 solidorum
1977 1897 2224 1945 annuatim

199 1989 358 2039 teneri
404 1996 504 2038 tam
539 1991 600 2038 de
636 1989 860 2038 terminis
892 1989 1141 2054 preteritis
1176 2005 1321 2051 quam
1357 1988 1532 2036 futuris
1561 2016 1572 2027 ·
1602 1987 1683 2036 sed
1723 1987 1837 2051 quia
1880 1988 2227 2051 pretendebam

199 2088 540 2146 paupertatem
567 2088 616 2130 et
640 2081 909 2130 exilitatem
934 2081 1117 2130 vicarie
1141 2095 1247 2126 mee
1285 2085 1333 2126 et
1368 2078 1640 2128 vastitatem
1677 2086 1726 2127 et
1759 2077 2062 2128 sterilitatem
2098 2087 2227 2127 terre

200 2170 398 2222 ecclesie
421 2178 682 2236 prenotate
706 2179 909 2236 propter
931 2186 1223 2237 guerrarum
1260 2177 1465 2218 euentus
1499 2169 1735 2233 plurimos
1771 2177 1819 2218 et
1853 2169 2131 2233 frequentes
2166 2170 2226 2218 de

200 2263 421 2313 terminis
444 2263 702 2312 retroaffls
726 2290 736 2300 ·
761 2263 877 2312 diai
901 2263 1087 2312 domini
1111 2262 1206 2310 mei
1231 2260 1401 2308 Abbas
1437 2268 1485 2308 et
1505 2252 1791 2308 ¹conuentus
1827 2260 2076 2324 arreragia
2111 2259 2219 2307 solu·

202 2355 395 2404 cionum
420 2361 694 2418 temporum
719 2354 1072 2403 transadmrum
1096 2361 1194 2402 tam
1218 2351 1487 2400 liberaliter
1512 2368 1658 2415 quam
1682 2350 2057 2399 misericorditer
2080 2351 2227 2399 michi

162 2503 170 2515 ο
200 2443 272 2492 sui
296 2442 466 2508 gracia
487 2442 778 2492 remiserunt
809 2470 819 2481 ·
853 2443 1003 2492 Unde
1029 2461 1119 2508 ego
1143 2450 1285 2507 grato
1311 2449 1360 2490 et
1384 2442 1648 2506 spontaneo
1674 2440 1835 2489 animo
1858 2468 1869 2478 ·
1893 2442 2022 2505 apud
2046 2442 2227 2489 monass

201 2514 376 2583 terium
393 2535 454 2582 de
470 2534 806 2584 Abirbrothoc
824 2535 876 2583 in
891 2535 1038 2600 pleno
1058 2534 1271 2599 capitulo
1286 2532 1635 2581 monachorum
1653 2532 1860 2595 ejusdem
1875 2531 1970 2579 loci
1987 2560 1997 2570 -
2015 2532 2227 2596 obligaui

80 2619 82 2621 ¹
131 2649 134 2655 ·
203 2642 280 2673 me
316 2632 365 2673 et
388 2624 553 2690 obligo
576 2625 788 2689 presenti
812 2625 992 2689 scripto
1025 2642 1115 2689 per
1151 2624 1315 2672 omnia
1348 2624 1475 2672 bona
1510 2640 1620 2671 mea
1652 2622 1850 2670 mobilia
1884 2629 1932 2670 et
1965 2622 2228 2670 immobilia

208 2715 531 2766 ecclesiastica
555 2712 606 2764 et
627 2717 878 2764 mundana
912 2716 996 2764 ubi
1031 2715 1213 2763 fuerint
1241 2715 1452 2762 inuenta
1485 2712 1820 2777 distringenda
1851 2729 1941 2775 pro
1978 2712 2224 2762 voluntate

206 2808 291 2856 sua
335 2805 732 2859 adsolucionem
768 2807 1008 2855 dictorum
1043 2813 1238 2854 centum
1274 2804 1533 2852 solidorum
1571 2803 1631 2850 de
1667 2809 1829 2850 cetero
1867 2803 2115 2851 annuatim
2163 2803 2225 2853 ad

207 2896 380 2945 festum
406 2895 571 2946 Sanai
595 2896 802 2946 Martini
834 2897 1141 2962 integraliter
1164 2897 1300 2945 nullo
1325 2896 1643 2961 proponendo
1679 2895 1896 2943 obstante
1917 2895 2224 2959 -incipiendo

206 2986 413 3050 primam
437 2987 732 3035 solucionem
758 2988 822 3036 ad
846 2988 1028 3036 dictum
1052 2989 1222 3037 festum
1253 2988 1414 3038 sanai
1450 2987 1654 3036 Martini
1680 3014 1689 3024 ·
1714 3003 1842 3035 anno
1876 2987 2041 3051 gracie
2076 2987 2226 3036 mille·

208 3077 324 3126 fimo
349 3106 360 3117 ·
386 3083 489 3126 ccc⁰
515 3106 525 3116 ·
552 3077 780 3126 vicesimo
816 3086 993 3142 quarto
1018 3107 1028 3117 ·
1052 3081 1184 3144 apud
1219 3079 1467 3129 ecclesiam
1503 3079 1564 3127 de
1602 3077 1922 3126 Aberkerdor
1946 3107 1956 3117 ·
1983 3086 2033 3127 et
2067 3078 2131 3126 sic
2165 3079 2225 3127 de

207 3167 412 3215 annoin
438 3185 621 3216 annum
646 3176 694 3217 et
719 3169 780 3218 de
805 3170 1015 3218 termino
1039 3170 1092 3218 in
1115 3171 1377 3220 terminum
1401 3177 1503 3220 toto
1526 3176 1744 3234 tempore
1770 3168 1867 3218 vite
1890 3185 1997 3217 mee
2016 3195 2026 3207 ·
2047 3167 2226 3234 obligo

1179 3266 1209 3310 2
1236 3278 1266 3310 n
