2612 3926
1065 361 1378 412 TABULA.
2178 379 2241 410 xv

202 516 300 558 240.
332 511 611 558 confirmacio
624 509 794 568 capituli
810 509 1119 567 Brechynensis
1132 510 1184 553 de
1196 508 1378 552 ecclesiis
1391 507 1500 551 dic-te
1515 507 1700 551 diocesis.
1763 478 1889 551 1248'.
1951 508 2099 563 Reyist.

394 586 473 628 Vet.
485 585 526 642 f.
550 585 618 639 18,
665 616 675 627 .
1282 613 1294 625 .
1842 612 1853 622 .
2028 611 2038 622 .
2089 580 2139 622 Ρ.
2160 583 2241 624 175

200 661 296 703 241.
329 658 557 703 ordinacio
584 657 620 701 J
620 656 793 700 udicum
825 655 1112 713 delegatorum
1144 670 1270 713 super
1298 653 1472 699 ecclesia
1501 654 1553 697 de
1573 654 1842 712 Abernythy.
1902 669 1935 696 c.
1970 654 2096 698 1238.

383 732 536 788 Reyist.
561 731 640 774 Vet
652 730 694 787 f.
717 730 784 781 18,
905 761 915 772 .
1840 760 1851 770 .
2158 730 2240 771 176

197 808 295 850 242.
327 804 457 849 Carta
477 803 681 862 Stephani
711 803 763 846 de
782 802 1022 860 Kinardley
1048 802 1100 846 (16
1129 802 1539 860 Petmengartenach
1568 803 1613 845 in
1644 802 1835 859 Mernys.
1888 817 1936 859 p.
1971 760 2095 844 1221.

382 879 532 936 Reyist.
557 878 636 921 Vet.
648 878 690 935 f.
713 879 780 931 19,
900 909 910 918 .
1086 910 1096 919 .
1275 908 1285 918 .
1462 909 1472 918 .
1649 907 1660 918 .
1837 909 1846 918 .
2025 907 2034 916 .
2157 877 2238 918 178

197 955 294 997 243.
325 952 586 1010 Composicio
605 951 715 994 facta
734 951 845 993 inter
871 950 1087 994 eeclesiam
1116 950 1458 1007 Brechynensem
1488 957 1531 993 et
1559 949 1858 992 monasterium
1887 947 1940 991 de
1959 948 2096 991 Aber-

381 1026 757 1083 brothocctempore
777 1024 926 1067 Albini
946 1025 1140 1082 episcopi.
1202 1026 1328 1068 1248.
1386 1025 1540 1081 369ίεε.
1569 1024 1648 1068 Vet.
1662 1024 1704 1080 f.
1728 1024 1796 1077 19,
1839 1055 1850 1065 .
2027 1056 2037 1065 .
2158 1026 2238 1066 179

196 1102 294 1143 244.
326 1099 586 1157 Composicio
605 1098 716 1142 facta
734 1099 845 1141 inter
873 1097 1089 1141 ecclesiam
1118 1097 1458 1155 Brechynensem
1492 1105 1535 1140 et
1564 1097 1863 1140 monasterium
1887 1096 1940 1139 de
1958 1096 2095 1139 Aber-

380 1173 552 1217 brothoc
571 1180 757 1231 tempore
776 1173 810 1216 J
811 1172 988 1216 ohannis
1007 1172 1201 1230 episcopi.
1262 1173 1388 1216 1304.
1446 1172 1598 1229 Reqist.
1622 1172 1702 1215 Vet.
1715 1172 1756 1229 f.
1778 1173 1847 1225 20,
2024 1204 2034 1212 .
2155 1172 2236 1214 181

196 1250 293 1292 245.
323 1247 529 1291 Vendicio
550 1254 659 1290 terre
680 1247 732 1289 de
752 1246 1006 1289 Drumsleed
1025 1245 1136 1289 facta
1156 1244 1364 1303 Gregorio
1390 1245 1582 1302 episcopo
1600 1243 1902 1302 Breohynensi.
1964 1246 2096 1289 1218-

383 1321 509 1364 1246.
566 1321 882 1377 Reqiet.17et.s'.
903 1321 974 1374 21,
1081 1351 1094 1362 .
1171 1354 1177 1360 .
2024 1347 2037 1359 .<
2154 1320 2237 1363 184

198 1395 295 1438 246.
326 1392 456 1438 Carta
474 1393 603 1451 Regis
622 1393 855 1437 Alexandri
875 1393 988 1451 quod
1006 1406 1092 1436 non
1110 1391 1386 1450 prejudicium
1407 1390 1612 1433 auxilium
1630 1389 1790 1432 factum
1809 1390 1862 1433 (16
1887 1389 2091 1448 Taruays.

384 1468 509 1510 1240.
567 1467 718 1524 Reyist.
743 1467 823 1510 Vet.
834 1467 876 1524 f.
896 1468 966 1521 21,
1083 1497 1095 1508 .
1648 1488 1675 1505 .=
2155 1468 2236 1510 185

197 1541 294 1583 247.
325 1539 571 1584 Conuencio
582 1539 692 1583 facta
710 1554 809 1582 cum
827 1537 1072 1582 Alexandro
1093 1537 1259 1582 Gemite
1278 1522 1331 1580 de
1350 1536 1530 1580 Buchan
1555 1551 1680 1594 super
1708 1545 1821 1580 terra
1836 1496 1902 1581 ‘de
1922 1538 2093 1582 Kulbac

367 1627 464 1655 cum
483 1612 775 1670 pertinenciis.
823 1614 948 1656 1265.
1006 1612 1159 1669 369ἰει.
1183 1611 1264 1654 Vet.
1276 1611 1318 1667 f.
1339 1612 1410 1665 22,
1457 1642 1468 1652 .
1645 1642 1656 1653 .
2179 1615 2232 1656 ib.

155 1736 157 1739 Ι
195 1687 292 1730 248.
322 1684 505 1729 Taxacio
533 1686 686 1729 vicarie
715 1685 774 1729 de-
794 1684 1061 1728 Ferendrath
1089 1699 1165 1743 per
1193 1683 1437 1727 Johannem
1467 1683 1694 1726 Abbatem.
1755 1685 1881 1728 1268.
1940 1685 2092 1742 369ί3τ.

387 1759 465 1802 Vet.
477 1759 519 1816 f.
539 1761 609 1813 23,
714 1791 724 1802 .
1084 1791 1095 1801 .
1272 1790 1283 1800 .
1834 1791 1844 1801 .
2153 1762 2233 1804 188

191 1832 288 1875 249.
320 1830 449 1875 Carta
467 1831 672 1874 Willelmi
690 1830 871 1875 Abbatis
891 1791 943 1874 de
962 1831 1215 1875 inveniendo
1233 1846 1319 1874 uno
1339 1789 1554 1888 capellano
1575 1831 1629 1874 ad
1652 1832 1854 1889 capellam
1875 1831 1943 1875 del
1961 1791 2089 1875 Both.

375 1904 529 1961 Reyist.
553 1905 632 1948 Vet.
645 1904 684 1962 f
706 1906 776 1959 23,
888 1937 898 1948 .
2151 1909 2232 1951 189

191 1979 288 2021 250.
318 1977 434 2020 Nota
452 1985 605 2021 sectam
627 1977 809 2021 debitam
829 1978 882 2021 de
900 1985 1013 2022 terra
1032 1979 1084 2022 (16
1103 1978 1351 2037 Inverpefir.
1412 1937 1539 2022 1250.
1599 1931 1910 2038 369ἰεε.176τ.]’.
1933 1983 2002 2034 24,
2150 1984 2233 2025 190

190 2053 287 2095 251.
319 2051 449 2096 Carta
482 2051 663 2095 Walteri
704 2051 864 2095 abbatis
912 2067 1038 2110 super
1075 2060 1187 2095 terra
1225 2052 1278 2095 de
1316 2052 1757 2110 Banchorydevenech
1797 2054 1908 2097 facta
1947 2053 2088 2097 Alano

373 2125 582 2169 hostiario.
645 2127 770 2170 1256.
830 2127 983 2184 Regi-st.
1008 2127 1088 2170 Vet.
1101 2127 1142 2184 f.
1163 2129 1235 2182 24,
2176 2131 2229 2172 ib.

189 2201 286 2244 252.
318 2198 448 2243 Carta
467 2199 596 2257 Regis
615 2199 849 2243 Alexandri
869 2215 994 2258 super
1012 2207 1125 2244 terra
1144 2200 1196 2244 de
1215 2159 1678 2317 Banchorydevenech.
1745 2162 1870 2244 1244.
1931 2203 2083 2259 3697366

381 2274 460 2318 Vet.
473 2275 512 2331 f.
534 2275 605 2328 24,
710 2306 720 2317 .
2147 2280 2226 2322 191

189 2348 284 2391 253.
316 2346 497 2390 Taxacio
530 2347 701 2390 ecclesie
736 2346 788 2390 de
826 2347 1024 2391 Rothven
1063 2363 1139 2406 per
1177 2347 1408 2392 Ricardum
1446 2348 1687 2406 episcopum
1727 2349 2085 2393 Dunkeldensem.

374 2422 499 2465 1271.
558 2422 709 2479 Βορέα.
733 2422 813 2466 Vec.
825 2423 867 2479 f.
888 2424 958 2477 24,
1076 2456 1085 2464 .
1264 2455 1275 2465 .
2173 2428 2227 2468 ib.

188 2495 284 2538 254
319 2493 546 2538 ordinacio
567 2494 737 2538 Ricardi
757 2495 937 2553 episcopi
951 2494 1264 2539 Aberdonensis
1284 2510 1409 2554 super
1419 2496 1576 2539 vicaria
1595 2497 1647 2540 (16
1666 2497 1895 2554 Buthelny.
1958 2500 2081 2542 1262.

371 2568 522 2626 Reqist.
546 2570 625 2613 Vet.
637 2570 678 2627 f.
700 2571 770 2624 24,
889 2602 899 2612 .
1011 2593 1014 2601 2
1077 2603 1088 2613 .
1263 2604 1273 2613 .
1451 2603 1460 2612 .
1639 2604 1649 2612 .
1754 2594 1757 2600 -
1826 2603 1835 2613 .
2013 2605 2022 2615 .
2145 2576 2225 2616 192

189 2643 286 2686 255.
319 2641 447 2686 Carta
468 2642 697 2687 Clementis
717 2659 823 2702 pape
843 2659 897 2686 ne
917 2644 1088 2688 ecclesie
1117 2646 1357 2688 monasterii
1387 2645 1439 2689 de
1458 2644 1743 2688 Abirbrothoc
1773 2653 2085 2702 sequestrentur

371 2715 567 2759 indebite.
629 2718 754 2762 1268.
814 2718 967 2775 Reqist.
994 2718 1073 2762 Vet.
1085 2719 1126 2776 f.
1149 2722 1219 2774 25,
2013 2752 2021 2760 .
2143 2722 2226 2764 194

188 2790 286 2832 256.
317 2788 447 2833 Carta
465 2789 640 2833 Roberti
659 2791 712 2834 de
731 2790 964 2836 Londoniis
984 2792 1035 2835 de
1056 2793 1183 2836 toftis.
1245 2795 1372 2838 1219.
1433 2753 1585 2850 369168.
1609 2793 1688 2836 Vet.
1701 2793 1742 2849 f.
1764 2794 1834 2846 25,
2013 2826 2022 2834 .
2169 2796 2223 2837 ib.

189 2863 285 2906 257.
318 2862 447 2906 Carta
466 2863 648 2907 Walteri
667 2865 829 2908 abbatis
848 2880 973 2924 super
994 2866 1217 2910 Achineue
1238 2866 1336 2910 data
1354 2866 1551 2924 Philippo
1581 2865 1633 2908 de
1661 2865 1869 2922 Foedarg.
1928 2867 2080 2923 369ἱεε.

381 2936 460 2979 Vet.
472 2937 513 2993 f.
535 2939 603 2992 26,
717 2971 727 2981 .
905 2971 915 2981 .
1090 2972 1101 2982 .
1280 2973 1289 2982 .
1826 2972 1835 2981 .
2142 2943 2223 2985 195

188 3009 284 3052 258.
318 3007 568 3061 Quietancia
586 3012 826 3054 monasterii
847 3012 898 3056 de
918 3013 1211 3056 Aberbrothoc
1230 3013 1341 3056 facta
1359 3013 1609 3056 monasterio
1630 2970 1682 3055 de
1701 3011 2010 3069 Balmurynath
2030 3013 2082 3056 de

373 3082 648 3141 quadraginta
666 3086 828 3128 marcis.
889 3088 1077 3131 e.1230.
1137 3087 1445 3144 Reyist.½t.fl
1468 3088 1536 3139 26,
1638 3118 1648 3128 .
1825 3118 1835 3126 .
2013 3119 2021 3127 .
2143 3089 2224 3130 196
